1931 3328
215 340 368 380 III.(13)
420 339 574 372 UNITY
600 338 663 371 OF
687 338 893 371 ACTION:
927 337 1043 370 HOW
1068 338 1162 369 FAR
1186 337 1322 368 KEPT.
1447 348 1495 388 95

211 450 346 491 finem
380 449 640 503 tragoediae
673 448 787 489 adeo
822 447 1065 501 impendet,
1093 453 1141 488 ut
1176 446 1250 496 illi,
1283 446 1498 500 Philippis

210 520 395 561 tandem
447 519 627 568 devicti,
666 524 762 559 tum
812 518 1011 559 maxime
1059 517 1296 559 Caesarem
1349 517 1495 570 ipsum

211 590 480 639 invocantes,
533 594 578 630 et
626 588 754 641 quasi
803 587 1039 629 Caesarem
1092 587 1175 641 ipsi
1223 586 1495 627 trucidatum

210 659 488 708 vindicaturi,
533 664 722 699 mortem
761 657 844 698 sibi
882 655 1130 710 expetant.1
1194 656 1331 697 Haud
1370 656 1499 696 aliter

212 729 331 783 apud
367 728 637 782 Sophoclem
671 727 728 768 de
756 727 911 768 Aiacis
943 728 1031 767 iam
1066 726 1229 767 mortui
1260 726 1402 779 gloria
1436 726 1497 766 ita

212 799 460 848 dimicatur,
501 803 550 838 ut
592 798 707 838 inter
757 810 913 838 omnes
963 796 1089 837 Aiax
1141 796 1198 837 ab
1242 796 1368 836 initio
1410 802 1496 837 tra-

212 868 401 921 goediae
442 880 582 921 usque
619 866 676 907 ad
719 866 852 907 finem
890 865 1011 907 solus
1048 866 1242 906 eminere
1283 866 1497 907 videatur.

214 938 378 978 Nonne
420 951 527 991 ergo
568 942 613 978 et
653 936 725 977 hic
766 942 810 977 et
857 936 956 986 illic,
999 935 1235 977 ‘Actionis
1286 935 1496 977 Unitate’

213 1008 452 1061 diligenter
472 1011 746 1054 conservata,
769 1012 974 1047 extrema
995 1006 1149 1059 primis
1173 1006 1283 1046 mira
1299 1006 1494 1059 quadam

213 1077 550 1118 continuatione
601 1076 869 1130 respondere
921 1075 1111 1116 libenter
1159 1076 1496 1117 concedendum

214 1148 313 1188 est?

275 1217 346 1258 De
384 1215 632 1256 Trachiniis
664 1221 815 1256 autem
849 1214 1087 1268 Sophoclis
1120 1216 1348 1269 quomodo
1380 1221 1499 1256 recte
1521 1232 1626 1259 Trach.

214 1287 273 1328 sit
314 1286 616 1334 iudicandum,
658 1285 790 1338 longe
832 1284 1056 1326 difficilius
1103 1292 1170 1326 est
1216 1286 1367 1337 dictu;
1418 1299 1498 1327 nec

214 1357 309 1398 sine
344 1369 508 1409 magna
545 1355 822 1395 dissensione
859 1355 916 1396 de
952 1355 1035 1396 hac
1070 1355 1221 1396 sabula
1259 1356 1396 1396 critici
1435 1357 1498 1396 in-

215 1427 363 1480 signes
392 1427 481 1466 iam
511 1425 858 1476 disseruerunt32
890 1439 1079 1478 quorum
1113 1425 1239 1466 alteri
1268 1425 1500 1467 ‘Actionis

219 1493 478 1538 Unitatem'
515 1500 750 1546 servatam,
785 1495 912 1536 alteri
952 1501 1070 1536 certe
1113 1495 1363 1549 neglectam
1403 1510 1500 1537 esse

215 1566 449 1608 affirmant.
513 1564 561 1607 Si
599 1565 713 1606 inter
748 1565 923 1606 criticos
960 1571 1052 1606 tam
1096 1565 1346 1619 praeclaros
1388 1567 1499 1606 diiu-

216 1636 364 1677 dicare
399 1635 514 1686 licet,
537 1634 768 1676 ‘Actionis
800 1633 1060 1677 Unitatem’
1087 1635 1314 1689 quandam
1344 1636 1387 1676 in
1416 1635 1499 1676 hac

435 1809 502 1851 Cry
520 1811 528 1826 ⁴
542 1809 687 1848 Havoc,'
703 1810 769 1841 and
786 1810 831 1841 let
847 1810 911 1851 slip
928 1810 982 1841 the
999 1810 1082 1851 dogs
1098 1815 1131 1841 oi
1147 1821 1214 1841 war
1231 1822 1239 1847 3

437 1865 525 1896 That
542 1865 606 1896 this
621 1865 689 1896 foul
705 1865 790 1896 deed
807 1865 890 1896 shall
907 1866 1002 1896 smell
1018 1866 1123 1897 above
1141 1866 1195 1897 the
1212 1866 1304 1897 earth

437 1920 530 1951 With
547 1920 674 1952 carrion
690 1931 778 1959 men,
797 1920 958 1962 groaning
974 1921 1023 1952 for
1040 1920 1181 1953 burial.'’

219 1976 263 2008 id.
283 1976 324 2008 ib.
345 1976 385 2008 V.
407 1975 451 2007 iii.
471 1976 594 2016 94-96:

402 2033 424 2047 “
439 2031 469 2062 O
483 2031 591 2072 Julius
607 2030 740 2069 Caesar,
759 2031 839 2062 thou
855 2037 906 2062 art
922 2030 1050 2072 mighty
1065 2036 1120 2072 yet
1136 2034 1143 2063 !

437 2086 512 2127 Thy
528 2086 621 2128 spirit
638 2086 742 2117 walks
758 2086 894 2124 abroad,
912 2087 978 2117 and
995 2092 1086 2118 turns
1103 2097 1161 2118 our
1178 2086 1303 2118 swords

439 2141 479 2172 In
495 2152 554 2172 our
570 2152 646 2173 own
663 2152 782 2182 proper
797 2140 968 2172 entrails.’'

262 2194 273 2213 ¹
291 2195 621 2238 Shakspere‚sulz‘zcs
641 2197 771 2234 Caesar,
790 2196 830 2226 V.
851 2195 894 2227 iii.
916 2203 957 2237 45
975 2207 1023 2238 sq.
1044 2201 1076 2227 et
1094 2207 1122 2228 v.
1145 2203 1186 2238 50
1202 2208 1249 2238 sq.
1268 2209 1275 2228 ε

357 2252 497 2283 Cassius.
801 2253 822 2266 ‘⁴
837 2251 969 2289 Caesar,
988 2252 1068 2282 thou
1084 2257 1134 2282 art
1151 2252 1327 2293 revenged,

529 2306 622 2337 Even
639 2305 719 2337 with
737 2306 792 2337 the
808 2306 915 2337 sword
933 2306 1004 2337 that
1020 2306 1115 2337 kill'd
1133 2306 1244 2338 thee.'’

353 2361 492 2392 Brutus.
805 2363 827 2377 ‘⁶
841 2361 973 2400 Caesar,
992 2372 1066 2393 now
1084 2362 1124 2393 be
1140 2361 1205 2393 still
1221 2374 1227 2393 :

529 2416 544 2447 I
561 2414 656 2447 kill’d
673 2420 731 2447 not
747 2416 822 2448 thee
838 2417 919 2448 with
935 2417 1008 2448 half
1019 2427 1056 2448 so
1071 2417 1159 2458 good
1176 2428 1196 2448 a
1212 2416 1316 2449 will.''

265 2467 278 2487 2
293 2469 372 2510 Eg.
393 2469 581 2511 Campbell,
603 2470 767 2512 Sophocles
787 2470 934 2509 (Green’s
960 2470 1119 2502 Classical
1142 2472 1304 2510 Writers),
1327 2483 1398 2514 cap.
1422 2472 1504 2511 viii.‚

224 2535 278 2566 pp.
301 2524 354 2564 78,
375 2531 437 2564 79;
459 2525 558 2566 Jebb‚
577 2526 763 2567 Sophocles:
792 2527 925 2564 Trach„
942 2537 997 2568 pp.
1015 2527 1254 2565 xxxi.-xxxix.;
1279 2528 1440 2569 Mahaffy,
1454 2534 1503 2570 op.

222 2579 290 2617 cil„
310 2579 375 2610 vol.
402 2579 445 2617 Ι.,
464 2590 535 2621 cap.
556 2579 637 2617 xvi„
655 2581 672 2618 ἓ
693 2579 764 2618 188,
790 2592 845 2622 pp.
869 2588 1036 2621 294-2973
1061 2581 1227 2623 Schlegel,
1250 2588 1298 2624 op.
1320 2583 1387 2620 cit„
1411 2583 1502 2615 Lect.

222 2633 294 2671 vii„
313 2645 345 2675 p.
369 2642 429 2673 109
444 2645 453 2672 ;
470 2634 647 2675 Symonds‚
665 2641 713 2677 op.
732 2637 801 2674 cit„
819 2636 884 2667 vol.
903 2637 945 2675 1.‚
962 2647 1033 2678 cap.
1055 2636 1137 2675 xiii„
1157 2648 1188 2678 p.
1208 2645 1295 2677 429;
1320 2637 1503 2676 Thirlwall,

220 2694 268 2731 op.
288 2690 342 2720 cit.
350 2712 358 2727 ,
379 2700 435 2731 pp.
457 2696 532 2731 504-
538 2697 609 2732 509.
