<?xml version="1.0" encoding="UTF-8"?>
<!DOCTYPE html PUBLIC "-//W3C//DTD XHTML 1.0 Transitional//EN"
    "http://www.w3.org/TR/xhtml1/DTD/xhtml1-transitional.dtd">
<html xmlns="http://www.w3.org/1999/xhtml" xml:lang="en" lang="en">
 <head>
  <title>
</title>
<meta http-equiv="Content-Type" content="text/html;charset=utf-8" />
  <meta name='ocr-system' content='tesseract 3.04.00' />
  <meta name='ocr-capabilities' content='ocr_page ocr_carea ocr_par ocr_line ocrx_word'/>
</head>
<body>
  <div class='ocr_page' id='page_1' title='image "./arstragicasophoc00hort_0130.png"; bbox 0 0 2013 3328; ppageno 0'>
   <div class='ocr_carea' id='block_1_1' title="bbox 327 2059 500 2220">
    <p class='ocr_par' dir='ltr' id='par_1_1' title="bbox 328 2059 500 2157">
     <span class='ocr_line' id='line_1_1' title="bbox 328 2059 482 2084; baseline 0 0"><span class='ocrx_word' id='word_1_1' title='bbox 328 2059 482 2084; x_wconf 65' lang='lat' dir='ltr'>Essential</span> 
     </span>
     <span class='ocr_line' id='line_1_2' title="bbox 328 2093 500 2124; baseline 0 -6"><span class='ocrx_word' id='word_1_2' title='bbox 328 2093 360 2118; x_wconf 86' lang='grc' dir='ltr'><em>Η</em></span> <span class='ocrx_word' id='word_1_3' title='bbox 363 2103 381 2118; x_wconf 79' lang='lat' dir='ltr'><em>u</em></span> <span class='ocrx_word' id='word_1_4' title='bbox 385 2102 431 2118; x_wconf 84' lang='lat' dir='ltr'>ma</span> <span class='ocrx_word' id='word_1_5' title='bbox 436 2093 500 2124; x_wconf 75' lang='lat' dir='ltr'><em>nz‘ty</em></span> 
     </span>
     <span class='ocr_line' id='line_1_3' title="bbox 328 2126 450 2157; baseline 0.008 -6"><span class='ocrx_word' id='word_1_6' title='bbox 328 2126 363 2157; x_wconf 84' lang='lat' dir='ltr'>of</span> <span class='ocrx_word' id='word_1_7' title='bbox 371 2127 450 2152; x_wconf 71' lang='lat' dir='ltr'>tlzeir</span> 
     </span>
    </p>

    <p class='ocr_par' dir='ltr' id='par_1_2' title="bbox 327 2161 440 2220">
     <span class='ocr_line' id='line_1_4' title="bbox 330 2161 437 2186; baseline -0.009 0"><span class='ocrx_word' id='word_1_8' title='bbox 330 2161 335 2172; x_wconf 83' lang='lat'><strong>‘</strong></span> <span class='ocrx_word' id='word_1_9' title='bbox 347 2161 370 2186; x_wconf 86' lang='lat' dir='ltr'><em>C</em></span> <span class='ocrx_word' id='word_1_10' title='bbox 371 2161 437 2186; x_wconf 67' lang='lat' dir='ltr'>lcar-</span> 
     </span>
     <span class='ocr_line' id='line_1_5' title="bbox 327 2194 440 2220; baseline 0 -1"><span class='ocrx_word' id='word_1_11' title='bbox 327 2194 440 2220; x_wconf 52' lang='lat' dir='ltr'>actem!</span> 
     </span>
    </p>
   </div>
   <div class='ocr_carea' id='block_1_2' title="bbox 327 2262 529 2494">
    <p class='ocr_par' dir='ltr' id='par_1_3' title="bbox 327 2262 431 2287">
     <span class='ocr_line' id='line_1_6' title="bbox 327 2262 431 2287; baseline 0.01 -1"><span class='ocrx_word' id='word_1_12' title='bbox 327 2262 356 2286; x_wconf 85' lang='lat' dir='ltr'><em>F</em></span> <span class='ocrx_word' id='word_1_13' title='bbox 354 2270 431 2287; x_wconf 75' lang='lat' dir='ltr'>ewer</span> 
     </span>
    </p>

    <p class='ocr_par' dir='ltr' id='par_1_4' title="bbox 328 2295 529 2494">
     <span class='ocr_line' id='line_1_7' title="bbox 329 2295 519 2321; baseline 0.011 -2"><span class='ocrx_word' id='word_1_14' title='bbox 329 2296 357 2319; x_wconf 87' lang='lat' dir='ltr'><em>E</em></span> <span class='ocrx_word' id='word_1_15' title='bbox 358 2296 478 2321; x_wconf 79' lang='lat' dir='ltr'>lcments</span> <span class='ocrx_word' id='word_1_16' title='bbox 490 2295 519 2321; x_wconf 79' lang='lat' dir='ltr'>in</span> 
     </span>
     <span class='ocr_line' id='line_1_8' title="bbox 328 2329 502 2360; baseline 0.006 -7"><span class='ocrx_word' id='word_1_17' title='bbox 328 2329 502 2360; x_wconf 63' lang='lat' dir='ltr'>Sophvc‘lean</span> 
     </span>
     <span class='ocr_line' id='line_1_9' title="bbox 329 2362 446 2387; baseline 0 -1"><span class='ocrx_word' id='word_1_18' title='bbox 329 2362 402 2387; x_wconf 80' lang='lat' dir='ltr'>tlmn</span> <span class='ocrx_word' id='word_1_19' title='bbox 415 2363 446 2387; x_wconf 79' lang='lat' dir='ltr'>in</span> 
     </span>
     <span class='ocr_line' id='line_1_10' title="bbox 329 2396 529 2427; baseline 0 -6"><span class='ocrx_word' id='word_1_20' title='bbox 329 2396 529 2427; x_wconf 68' lang='lat' dir='ltr'>Slzaksperian</span> 
     </span>
     <span class='ocr_line' id='line_1_11' title="bbox 330 2429 438 2454; baseline -0.009 0"><span class='ocrx_word' id='word_1_21' title='bbox 330 2429 336 2441; x_wconf 86' lang='lat'>‘</span> <span class='ocrx_word' id='word_1_22' title='bbox 348 2430 371 2454; x_wconf 86' lang='lat' dir='ltr'><em>C</em></span> <span class='ocrx_word' id='word_1_23' title='bbox 371 2429 408 2454; x_wconf 81' lang='grc' dir='ltr'>Ιια</span> <span class='ocrx_word' id='word_1_24' title='bbox 414 2439 438 2453; x_wconf 77' lang='grc' dir='ltr'>ν-</span> 
     </span>
     <span class='ocr_line' id='line_1_12' title="bbox 328 2462 442 2494; baseline 0 -6"><span class='ocrx_word' id='word_1_25' title='bbox 328 2466 432 2494; x_wconf 73' lang='lat' dir='ltr'>acters,</span> <span class='ocrx_word' id='word_1_26' title='bbox 438 2462 442 2471; x_wconf 84' lang='lat'>&#39;</span> 
     </span>
    </p>
   </div>
   <div class='ocr_carea' id='block_1_3' title="bbox 552 300 1812 339">
    <p class='ocr_par' dir='ltr' id='par_1_5' title="bbox 552 300 1812 339">
     <span class='ocr_line' id='line_1_13' title="bbox 552 300 1812 339; baseline -0.005 0"><span class='ocrx_word' id='word_1_27' title='bbox 552 303 625 339; x_wconf 87' lang='lat'>106</span> <span class='ocrx_word' id='word_1_28' title='bbox 816 300 1097 334; x_wconf 88' lang='lat' dir='ltr'>SOPHOCLES</span> <span class='ocrx_word' id='word_1_29' title='bbox 1131 301 1234 333; x_wconf 92' lang='lat' dir='ltr'>AND</span> <span class='ocrx_word' id='word_1_30' title='bbox 1267 301 1562 334; x_wconf 87' lang='lat' dir='ltr'>SHAKSPERE.</span> <span class='ocrx_word' id='word_1_31' title='bbox 1754 301 1812 333; x_wconf 86' lang='lat' dir='ltr'>IV.</span> 
     </span>
    </p>
   </div>
   <div class='ocr_carea' id='block_1_4' title="bbox 545 410 1817 814">
    <p class='ocr_par' dir='ltr' id='par_1_6' title="bbox 545 410 1817 814">
     <span class='ocr_line' id='line_1_14' title="bbox 549 410 1817 465; baseline -0.001 -13"><span class='ocrx_word' id='word_1_32' title='bbox 549 410 793 465; x_wconf 90' lang='lat' dir='ltr'>Sophocles</span> <span class='ocrx_word' id='word_1_33' title='bbox 824 417 869 451; x_wconf 88' lang='lat' dir='ltr'>et</span> <span class='ocrx_word' id='word_1_34' title='bbox 901 410 1208 464; x_wconf 88' lang='lat' dir='ltr'>Shaksperius,</span> <span class='ocrx_word' id='word_1_35' title='bbox 1237 410 1366 451; x_wconf 88' lang='lat' dir='ltr'>huius</span> <span class='ocrx_word' id='word_1_36' title='bbox 1397 411 1514 451; x_wconf 87' lang='lat' dir='ltr'>enim</span> <span class='ocrx_word' id='word_1_37' title='bbox 1549 424 1618 451; x_wconf 90' lang='lat' dir='ltr'>ars</span> <span class='ocrx_word' id='word_1_38' title='bbox 1649 411 1817 464; x_wconf 83' lang='lat' dir='ltr'>tragica</span> 
     </span>
     <span class='ocr_line' id='line_1_15' title="bbox 547 480 1815 534; baseline 0 -14"><span class='ocrx_word' id='word_1_39' title='bbox 547 480 795 533; x_wconf 82' lang='lat' dir='ltr'><strong>multiplex,</strong></span> <span class='ocrx_word' id='word_1_40' title='bbox 821 480 1015 533; x_wconf 84' lang='lat' dir='ltr'>simplex</span> <span class='ocrx_word' id='word_1_41' title='bbox 1047 486 1195 520; x_wconf 90' lang='lat' dir='ltr'>autem</span> <span class='ocrx_word' id='word_1_42' title='bbox 1229 480 1370 530; x_wconf 83' lang='lat' dir='ltr'>illius3</span> <span class='ocrx_word' id='word_1_43' title='bbox 1407 481 1606 521; x_wconf 91' lang='lat' dir='ltr'>diversae</span> <span class='ocrx_word' id='word_1_44' title='bbox 1636 480 1815 534; x_wconf 91' lang='lat' dir='ltr'>quidem</span> 
     </span>
     <span class='ocr_line' id='line_1_16' title="bbox 546 549 1815 603; baseline 0.001 -14"><span class='ocrx_word' id='word_1_45' title='bbox 546 556 674 600; x_wconf 87' lang='lat' dir='ltr'>artes,</span> <span class='ocrx_word' id='word_1_46' title='bbox 725 550 802 591; x_wconf 89' lang='lat' dir='ltr'>sed</span> <span class='ocrx_word' id='word_1_47' title='bbox 856 550 918 590; x_wconf 90' lang='lat' dir='ltr'>ita</span> <span class='ocrx_word' id='word_1_48' title='bbox 965 555 1014 590; x_wconf 93' lang='lat' dir='ltr'>ut</span> <span class='ocrx_word' id='word_1_49' title='bbox 1071 549 1212 590; x_wconf 83' lang='lat' dir='ltr'>neutri</span> <span class='ocrx_word' id='word_1_50' title='bbox 1262 549 1437 590; x_wconf 91' lang='lat' dir='ltr'>laudem</span> <span class='ocrx_word' id='word_1_51' title='bbox 1495 550 1815 603; x_wconf 81' lang='lat' dir='ltr'>amplissimam</span> 
     </span>
     <span class='ocr_line' id='line_1_17' title="bbox 546 619 1817 672; baseline 0.001 -13"><span class='ocrx_word' id='word_1_52' title='bbox 546 632 746 660; x_wconf 85' lang='lat' dir='ltr'>recusare</span> <span class='ocrx_word' id='word_1_53' title='bbox 796 619 1026 672; x_wconf 89' lang='lat' dir='ltr'>possimus.</span> <span class='ocrx_word' id='word_1_54' title='bbox 1113 619 1328 660; x_wconf 83' lang='lat' dir='ltr'>Rationes</span> <span class='ocrx_word' id='word_1_55' title='bbox 1371 621 1488 660; x_wconf 91' lang='lat' dir='ltr'>enim</span> <span class='ocrx_word' id='word_1_56' title='bbox 1541 621 1653 661; x_wconf 87' lang='lat' dir='ltr'>adeo</span> <span class='ocrx_word' id='word_1_57' title='bbox 1704 621 1817 660; x_wconf 92' lang='lat' dir='ltr'>inter</span> 
     </span>
     <span class='ocr_line' id='line_1_18' title="bbox 545 689 1816 744; baseline 0 -15"><span class='ocrx_word' id='word_1_58' title='bbox 545 702 592 729; x_wconf 90' lang='lat' dir='ltr'>se</span> <span class='ocrx_word' id='word_1_59' title='bbox 628 689 883 730; x_wconf 87' lang='lat' dir='ltr'>differentes</span> <span class='ocrx_word' id='word_1_60' title='bbox 924 703 1003 742; x_wconf 89' lang='lat' dir='ltr'>pro</span> <span class='ocrx_word' id='word_1_61' title='bbox 1044 703 1123 730; x_wconf 89' lang='lat' dir='ltr'>sua</span> <span class='ocrx_word' id='word_1_62' title='bbox 1159 691 1346 744; x_wconf 90' lang='lat' dir='ltr'>quisque</span> <span class='ocrx_word' id='word_1_63' title='bbox 1386 696 1512 743; x_wconf 85' lang='lat' dir='ltr'>parte</span> <span class='ocrx_word' id='word_1_64' title='bbox 1548 696 1675 731; x_wconf 91' lang='lat' dir='ltr'>tanta</span> <span class='ocrx_word' id='word_1_65' title='bbox 1715 689 1816 730; x_wconf 92' lang='lat' dir='ltr'>sub-</span> 
     </span>
     <span class='ocr_line' id='line_1_19' title="bbox 546 758 1640 814; baseline 0.002 -16"><span class='ocrx_word' id='word_1_66' title='bbox 546 758 706 799; x_wconf 92' lang='lat' dir='ltr'>tilitate</span> <span class='ocrx_word' id='word_1_67' title='bbox 742 764 1055 807; x_wconf 86' lang='lat' dir='ltr'>tractaverunt,</span> <span class='ocrx_word' id='word_1_68' title='bbox 1092 765 1141 800; x_wconf 91' lang='lat' dir='ltr'>ut</span> <span class='ocrx_word' id='word_1_69' title='bbox 1177 766 1271 801; x_wconf 91' lang='lat' dir='ltr'>arte</span> <span class='ocrx_word' id='word_1_70' title='bbox 1309 760 1433 814; x_wconf 86' lang='lat' dir='ltr'>quasi</span> <span class='ocrx_word' id='word_1_71' title='bbox 1470 758 1640 800; x_wconf 80' lang='lat' dir='ltr'>celata1</span> 
     </span>
    </p>
   </div>
   <div class='ocr_carea' id='block_1_5' title="bbox 829 849 1535 896">
    <p class='ocr_par' dir='ltr' id='par_1_7' title="bbox 829 849 1535 896">
     <span class='ocr_line' id='line_1_20' title="bbox 829 849 1535 896; baseline 0.003 -13"><span class='ocrx_word' id='word_1_72' title='bbox 829 849 1145 885; x_wconf 88' lang='lat' dir='ltr'>“monumentum</span> <span class='ocrx_word' id='word_1_73' title='bbox 1170 862 1255 886; x_wconf 87' lang='lat' dir='ltr'>aere</span> <span class='ocrx_word' id='word_1_74' title='bbox 1280 851 1480 896; x_wconf 86' lang='lat' dir='ltr'><strong>perennius</strong></span> <span class='ocrx_word' id='word_1_75' title='bbox 1491 850 1507 867; x_wconf 74' lang='lat'>’&#39;</span> <span class='ocrx_word' id='word_1_76' title='bbox 1522 849 1535 870; x_wconf 79' lang='lat'>2</span> 
     </span>
    </p>
   </div>
   <div class='ocr_carea' id='block_1_6' title="bbox 544 932 1818 2370">
    <p class='ocr_par' dir='ltr' id='par_1_8' title="bbox 544 932 1818 2370">
     <span class='ocr_line' id='line_1_21' title="bbox 546 932 1816 985; baseline -0.001 -13"><span class='ocrx_word' id='word_1_77' title='bbox 546 937 731 985; x_wconf 89' lang='lat' dir='ltr'>uterque</span> <span class='ocrx_word' id='word_1_78' title='bbox 753 932 964 984; x_wconf 80' lang='lat' dir='ltr'>exegerit.</span> <span class='ocrx_word' id='word_1_79' title='bbox 1027 932 1122 973; x_wconf 92' lang='lat' dir='ltr'>Nec</span> <span class='ocrx_word' id='word_1_80' title='bbox 1150 946 1237 973; x_wconf 89' lang='lat' dir='ltr'>non</span> <span class='ocrx_word' id='word_1_81' title='bbox 1262 933 1304 972; x_wconf 93' lang='lat' dir='ltr'>in</span> <span class='ocrx_word' id='word_1_82' title='bbox 1327 933 1561 973; x_wconf 87' lang='lat' dir='ltr'>verborum</span> <span class='ocrx_word' id='word_1_83' title='bbox 1584 944 1816 984; x_wconf 87' lang='lat' dir='ltr'>rerumque</span> 
     </span>
     <span class='ocr_line' id='line_1_22' title="bbox 546 1001 1817 1055; baseline -0.001 -14"><span class='ocrx_word' id='word_1_84' title='bbox 546 1002 714 1042; x_wconf 89' lang='lat' dir='ltr'>ratione</span> <span class='ocrx_word' id='word_1_85' title='bbox 757 1001 954 1041; x_wconf 79' lang='lat' dir='ltr'>maxime</span> <span class='ocrx_word' id='word_1_86' title='bbox 995 1001 1108 1042; x_wconf 91' lang='lat' dir='ltr'>inter</span> <span class='ocrx_word' id='word_1_87' title='bbox 1148 1015 1195 1042; x_wconf 91' lang='lat' dir='ltr'>se</span> <span class='ocrx_word' id='word_1_88' title='bbox 1236 1002 1500 1055; x_wconf 88' lang='lat' dir='ltr'>discrepant,</span> <span class='ocrx_word' id='word_1_89' title='bbox 1544 1001 1621 1041; x_wconf 91' lang='lat' dir='ltr'>sed</span> <span class='ocrx_word' id='word_1_90' title='bbox 1666 1001 1727 1041; x_wconf 81' lang='lat' dir='ltr'>ita</span> <span class='ocrx_word' id='word_1_91' title='bbox 1768 1006 1817 1041; x_wconf 90' lang='lat' dir='ltr'>ut</span> 
     </span>
     <span class='ocr_line' id='line_1_23' title="bbox 547 1069 1817 1124; baseline -0.001 -13"><span class='ocrx_word' id='word_1_92' title='bbox 547 1071 742 1111; x_wconf 85' lang='lat' dir='ltr'>maxime</span> <span class='ocrx_word' id='word_1_93' title='bbox 792 1077 978 1124; x_wconf 89' lang='lat' dir='ltr'>uterque</span> <span class='ocrx_word' id='word_1_94' title='bbox 1029 1071 1085 1111; x_wconf 90' lang='lat' dir='ltr'>sit</span> <span class='ocrx_word' id='word_1_95' title='bbox 1135 1070 1451 1121; x_wconf 86' lang='lat' dir='ltr'>admirandus;</span> <span class='ocrx_word' id='word_1_96' title='bbox 1503 1069 1817 1123; x_wconf 79' lang='lat' dir='ltr'>aequabilitate</span> 
     </span>
     <span class='ocr_line' id='line_1_24' title="bbox 545 1138 1818 1193; baseline 0 -14"><span class='ocrx_word' id='word_1_97' title='bbox 545 1140 674 1187; x_wconf 90' lang='lat' dir='ltr'>enim,</span> <span class='ocrx_word' id='word_1_98' title='bbox 732 1139 924 1187; x_wconf 85' lang='lat' dir='ltr'>levitate,</span> <span class='ocrx_word' id='word_1_99' title='bbox 981 1141 1278 1193; x_wconf 86' lang='lat' dir='ltr'>temperantia</span> <span class='ocrx_word' id='word_1_100' title='bbox 1335 1140 1500 1180; x_wconf 87' lang='lat' dir='ltr'>eminet</span> <span class='ocrx_word' id='word_1_101' title='bbox 1559 1138 1818 1192; x_wconf 88' lang='lat' dir='ltr'>Sophocles,</span> 
     </span>
     <span class='ocr_line' id='line_1_25' title="bbox 546 1208 1818 1262; baseline -0.001 -12"><span class='ocrx_word' id='word_1_102' title='bbox 546 1209 842 1261; x_wconf 85' lang='lat' dir='ltr'>Shaksperius</span> <span class='ocrx_word' id='word_1_103' title='bbox 888 1215 1039 1249; x_wconf 89' lang='lat' dir='ltr'>autem</span> <span class='ocrx_word' id='word_1_104' title='bbox 1086 1210 1224 1262; x_wconf 87' lang='lat' dir='ltr'>copia,</span> <span class='ocrx_word' id='word_1_105' title='bbox 1267 1210 1480 1258; x_wconf 86' lang='lat' dir='ltr'>ubertate,</span> <span class='ocrx_word' id='word_1_106' title='bbox 1521 1208 1818 1258; x_wconf 81' lang='lat' dir='ltr'>abundantia3</span> 
     </span>
     <span class='ocr_line' id='line_1_26' title="bbox 545 1278 1814 1331; baseline 0 -14"><span class='ocrx_word' id='word_1_107' title='bbox 545 1278 588 1317; x_wconf 90' lang='lat' dir='ltr'>in</span> <span class='ocrx_word' id='word_1_108' title='bbox 630 1291 709 1318; x_wconf 91' lang='lat' dir='ltr'>sua</span> <span class='ocrx_word' id='word_1_109' title='bbox 750 1283 935 1330; x_wconf 89' lang='lat' dir='ltr'>uterque</span> <span class='ocrx_word' id='word_1_110' title='bbox 976 1284 1070 1319; x_wconf 90' lang='lat' dir='ltr'>arte</span> <span class='ocrx_word' id='word_1_111' title='bbox 1112 1285 1204 1319; x_wconf 92' lang='lat' dir='ltr'>tam</span> <span class='ocrx_word' id='word_1_112' title='bbox 1248 1279 1478 1331; x_wconf 87' lang='lat' dir='ltr'>perfectus,</span> <span class='ocrx_word' id='word_1_113' title='bbox 1522 1284 1569 1318; x_wconf 93' lang='lat' dir='ltr'>ut</span> <span class='ocrx_word' id='word_1_114' title='bbox 1611 1284 1814 1319; x_wconf 90' lang='lat' dir='ltr'>neutrum</span> 
     </span>
     <span class='ocr_line' id='line_1_27' title="bbox 545 1347 1817 1400; baseline 0 -13"><span class='ocrx_word' id='word_1_115' title='bbox 545 1347 609 1388; x_wconf 89' lang='lat' dir='ltr'>sui</span> <span class='ocrx_word' id='word_1_116' title='bbox 643 1360 737 1387; x_wconf 86' lang='lat' dir='ltr'>esse</span> <span class='ocrx_word' id='word_1_117' title='bbox 769 1347 1027 1388; x_wconf 83' lang='lat' dir='ltr'>dissimilem</span> <span class='ocrx_word' id='word_1_118' title='bbox 1062 1347 1259 1388; x_wconf 89' lang='lat' dir='ltr'>velimus.</span> <span class='ocrx_word' id='word_1_119' title='bbox 1329 1348 1418 1388; x_wconf 87' lang='lat' dir='ltr'>Res</span> <span class='ocrx_word' id='word_1_120' title='bbox 1455 1347 1635 1400; x_wconf 86' lang='lat' dir='ltr'>quidem</span> <span class='ocrx_word' id='word_1_121' title='bbox 1670 1361 1817 1388; x_wconf 87' lang='lat' dir='ltr'>sacras</span> 
     </span>
     <span class='ocr_line' id='line_1_28' title="bbox 545 1416 1815 1471; baseline 0 -14"><span class='ocrx_word' id='word_1_122' title='bbox 545 1417 738 1470; x_wconf 86' lang='lat' dir='ltr'>apertius</span> <span class='ocrx_word' id='word_1_123' title='bbox 756 1418 875 1470; x_wconf 91' lang='lat' dir='ltr'>apud</span> <span class='ocrx_word' id='word_1_124' title='bbox 901 1416 1169 1470; x_wconf 85' lang='lat' dir='ltr'>Sophoclem</span> <span class='ocrx_word' id='word_1_125' title='bbox 1193 1431 1328 1471; x_wconf 89' lang='lat' dir='ltr'>quam</span> <span class='ocrx_word' id='word_1_126' title='bbox 1351 1417 1470 1470; x_wconf 89' lang='lat' dir='ltr'>apud</span> <span class='ocrx_word' id='word_1_127' title='bbox 1495 1416 1815 1470; x_wconf 87' lang='lat' dir='ltr'>Shaksperium</span> 
     </span>
     <span class='ocr_line' id='line_1_29' title="bbox 546 1486 1816 1540; baseline 0 -14"><span class='ocrx_word' id='word_1_128' title='bbox 546 1492 722 1527; x_wconf 83' lang='lat' dir='ltr'>exstare</span> <span class='ocrx_word' id='word_1_129' title='bbox 763 1499 849 1526; x_wconf 89' lang='lat' dir='ltr'>non</span> <span class='ocrx_word' id='word_1_130' title='bbox 894 1500 1134 1540; x_wconf 67' lang='lat' dir='ltr'>negamus,</span> <span class='ocrx_word' id='word_1_131' title='bbox 1180 1487 1270 1537; x_wconf 86' lang='lat' dir='ltr'>sed,</span> <span class='ocrx_word' id='word_1_132' title='bbox 1313 1493 1463 1527; x_wconf 89' lang='lat' dir='ltr'>nostro</span> <span class='ocrx_word' id='word_1_133' title='bbox 1504 1487 1661 1527; x_wconf 83' lang='lat' dir='ltr'>saltem</span> <span class='ocrx_word' id='word_1_134' title='bbox 1704 1486 1816 1527; x_wconf 90' lang='lat' dir='ltr'>arbi-</span> 
     </span>
     <span class='ocr_line' id='line_1_30' title="bbox 545 1555 1816 1609; baseline 0 -14"><span class='ocrx_word' id='word_1_135' title='bbox 545 1556 639 1604; x_wconf 90' lang='lat' dir='ltr'>trio,</span> <span class='ocrx_word' id='word_1_136' title='bbox 669 1555 975 1609; x_wconf 85' lang='lat' dir='ltr'>Shaksperius,</span> <span class='ocrx_word' id='word_1_137' title='bbox 1005 1556 1169 1609; x_wconf 87' lang='lat' dir='ltr'>quippe</span> <span class='ocrx_word' id='word_1_138' title='bbox 1202 1556 1275 1609; x_wconf 91' lang='lat' dir='ltr'>qui</span> <span class='ocrx_word' id='word_1_139' title='bbox 1309 1569 1395 1596; x_wconf 86' lang='lat' dir='ltr'>non</span> <span class='ocrx_word' id='word_1_140' title='bbox 1431 1556 1576 1595; x_wconf 87' lang='lat' dir='ltr'>minus</span> <span class='ocrx_word' id='word_1_141' title='bbox 1606 1555 1816 1596; x_wconf 89' lang='lat' dir='ltr'>divinitus</span> 
     </span>
     <span class='ocr_line' id='line_1_31' title="bbox 546 1625 1816 1666; baseline 0 -2"><span class='ocrx_word' id='word_1_142' title='bbox 546 1638 699 1665; x_wconf 88' lang='lat' dir='ltr'>omnes</span> <span class='ocrx_word' id='word_1_143' title='bbox 745 1625 862 1665; x_wconf 90' lang='lat' dir='ltr'>vitae</span> <span class='ocrx_word' id='word_1_144' title='bbox 908 1625 1130 1666; x_wconf 86' lang='lat' dir='ltr'>humanae</span> <span class='ocrx_word' id='word_1_145' title='bbox 1171 1625 1494 1666; x_wconf 82' lang='lat' dir='ltr'>vicissitudines</span> <span class='ocrx_word' id='word_1_146' title='bbox 1540 1625 1666 1665; x_wconf 90' lang='lat' dir='ltr'>nobis</span> <span class='ocrx_word' id='word_1_147' title='bbox 1713 1631 1816 1665; x_wconf 85' lang='lat' dir='ltr'>ante</span> 
     </span>
     <span class='ocr_line' id='line_1_32' title="bbox 545 1693 1816 1748; baseline -0.001 -14"><span class='ocrx_word' id='word_1_148' title='bbox 545 1693 695 1734; x_wconf 91' lang='lat' dir='ltr'>oculos</span> <span class='ocrx_word' id='word_1_149' title='bbox 722 1695 1012 1747; x_wconf 88' lang='lat' dir='ltr'>proposuerit,</span> <span class='ocrx_word' id='word_1_150' title='bbox 1034 1694 1111 1735; x_wconf 89' lang='lat' dir='ltr'>sed</span> <span class='ocrx_word' id='word_1_151' title='bbox 1138 1695 1282 1748; x_wconf 90' lang='lat' dir='ltr'>ipsum</span> <span class='ocrx_word' id='word_1_152' title='bbox 1307 1695 1512 1747; x_wconf 80' lang='lat' dir='ltr'>aenigma</span> <span class='ocrx_word' id='word_1_153' title='bbox 1533 1695 1657 1747; x_wconf 91' lang='lat' dir='ltr'>quasi</span> <span class='ocrx_word' id='word_1_154' title='bbox 1681 1694 1816 1734; x_wconf 91' lang='lat' dir='ltr'>nimia</span> 
     </span>
     <span class='ocr_line' id='line_1_33' title="bbox 545 1763 1816 1812; baseline 0 -9"><span class='ocrx_word' id='word_1_155' title='bbox 545 1763 812 1804; x_wconf 88' lang='lat' dir='ltr'>obscuritate</span> <span class='ocrx_word' id='word_1_156' title='bbox 848 1763 1108 1804; x_wconf 87' lang='lat' dir='ltr'>obvolutum</span> <span class='ocrx_word' id='word_1_157' title='bbox 1146 1764 1314 1804; x_wconf 88' lang='lat' dir='ltr'>solvere</span> <span class='ocrx_word' id='word_1_158' title='bbox 1345 1777 1432 1803; x_wconf 91' lang='lat' dir='ltr'>non</span> <span class='ocrx_word' id='word_1_159' title='bbox 1469 1777 1601 1803; x_wconf 89' lang='lat' dir='ltr'>ausus</span> <span class='ocrx_word' id='word_1_160' title='bbox 1632 1763 1700 1812; x_wconf 81' lang='lat' dir='ltr'>sit,</span> <span class='ocrx_word' id='word_1_161' title='bbox 1731 1763 1816 1803; x_wconf 84' lang='lat' dir='ltr'>for-</span> 
     </span>
     <span class='ocr_line' id='line_1_34' title="bbox 544 1832 1816 1885; baseline -0.001 -12"><span class='ocrx_word' id='word_1_162' title='bbox 544 1839 661 1873; x_wconf 89' lang='lat' dir='ltr'>tasse</span> <span class='ocrx_word' id='word_1_163' title='bbox 709 1832 790 1873; x_wconf 89' lang='lat' dir='ltr'>hac</span> <span class='ocrx_word' id='word_1_164' title='bbox 837 1832 995 1873; x_wconf 87' lang='lat' dir='ltr'>saltem</span> <span class='ocrx_word' id='word_1_165' title='bbox 1045 1833 1087 1872; x_wconf 89' lang='lat' dir='ltr'>in</span> <span class='ocrx_word' id='word_1_166' title='bbox 1138 1847 1183 1873; x_wconf 90' lang='lat' dir='ltr'>re</span> <span class='ocrx_word' id='word_1_167' title='bbox 1235 1832 1448 1885; x_wconf 86' lang='lat' dir='ltr'>Sophocli</span> <span class='ocrx_word' id='word_1_168' title='bbox 1502 1832 1816 1885; x_wconf 88' lang='lat' dir='ltr'>praeferendus</span> 
     </span>
     <span class='ocr_line' id='line_1_35' title="bbox 545 1901 1815 1955; baseline -0.001 -13"><span class='ocrx_word' id='word_1_169' title='bbox 545 1907 624 1943; x_wconf 88' lang='lat' dir='ltr'>est.</span> <span class='ocrx_word' id='word_1_170' title='bbox 685 1901 843 1942; x_wconf 88' lang='lat' dir='ltr'>Artem</span> <span class='ocrx_word' id='word_1_171' title='bbox 878 1915 1008 1955; x_wconf 92' lang='lat' dir='ltr'>porro</span> <span class='ocrx_word' id='word_1_172' title='bbox 1035 1903 1249 1955; x_wconf 76' lang='lat' dir='ltr'>tragicam</span> <span class='ocrx_word' id='word_1_173' title='bbox 1278 1901 1514 1955; x_wconf 84' lang='lat' dir='ltr'>Sophoclis</span> <span class='ocrx_word' id='word_1_174' title='bbox 1541 1915 1641 1942; x_wconf 89' lang='lat' dir='ltr'>cum</span> <span class='ocrx_word' id='word_1_175' title='bbox 1673 1901 1815 1942; x_wconf 81' lang='lat' dir='ltr'>Shak-</span> 
     </span>
     <span class='ocr_line' id='line_1_36' title="bbox 545 1970 1816 2024; baseline -0.001 -13"><span class='ocrx_word' id='word_1_176' title='bbox 545 1972 748 2024; x_wconf 85' lang='lat' dir='ltr'>speriana</span> <span class='ocrx_word' id='word_1_177' title='bbox 781 1971 843 2011; x_wconf 91' lang='lat' dir='ltr'>ita</span> <span class='ocrx_word' id='word_1_178' title='bbox 874 1985 1130 2024; x_wconf 91' lang='lat' dir='ltr'>comparare</span> <span class='ocrx_word' id='word_1_179' title='bbox 1161 1972 1308 2011; x_wconf 84' lang='lat' dir='ltr'>conati</span> <span class='ocrx_word' id='word_1_180' title='bbox 1341 1984 1506 2019; x_wconf 82' lang='lat' dir='ltr'>SumUS,</span> <span class='ocrx_word' id='word_1_181' title='bbox 1532 1978 1579 2011; x_wconf 90' lang='lat' dir='ltr'>ut</span> <span class='ocrx_word' id='word_1_182' title='bbox 1611 1970 1705 2010; x_wconf 89' lang='lat' dir='ltr'>laus</span> <span class='ocrx_word' id='word_1_183' title='bbox 1737 1984 1816 2011; x_wconf 86' lang='lat' dir='ltr'>sua</span> 
     </span>
     <span class='ocr_line' id='line_1_37' title="bbox 546 2039 1816 2093; baseline -0.001 -13"><span class='ocrx_word' id='word_1_184' title='bbox 546 2041 717 2093; x_wconf 90' lang='lat' dir='ltr'>utrique</span> <span class='ocrx_word' id='word_1_185' title='bbox 739 2040 913 2093; x_wconf 89' lang='lat' dir='ltr'>proprie</span> <span class='ocrx_word' id='word_1_186' title='bbox 935 2041 1153 2080; x_wconf 89' lang='lat' dir='ltr'>tribuatur</span> <span class='ocrx_word' id='word_1_187' title='bbox 1173 2054 1181 2090; x_wconf 90' lang='lat'>;</span> <span class='ocrx_word' id='word_1_188' title='bbox 1214 2041 1290 2080; x_wconf 92' lang='lat' dir='ltr'>sed</span> <span class='ocrx_word' id='word_1_189' title='bbox 1314 2041 1461 2080; x_wconf 88' lang='lat' dir='ltr'>nescio</span> <span class='ocrx_word' id='word_1_190' title='bbox 1484 2054 1538 2080; x_wconf 90' lang='lat' dir='ltr'>an</span> <span class='ocrx_word' id='word_1_191' title='bbox 1564 2053 1650 2079; x_wconf 87' lang='lat' dir='ltr'>non</span> <span class='ocrx_word' id='word_1_192' title='bbox 1675 2039 1816 2080; x_wconf 92' lang='lat' dir='ltr'>multo</span> 
     </span>
     <span class='ocr_line' id='line_1_38' title="bbox 546 2108 1815 2162; baseline -0.002 -12"><span class='ocrx_word' id='word_1_193' title='bbox 546 2110 688 2162; x_wconf 83' lang='lat' dir='ltr'>magis</span> <span class='ocrx_word' id='word_1_194' title='bbox 705 2109 866 2150; x_wconf 89' lang='lat' dir='ltr'>idcirco</span> <span class='ocrx_word' id='word_1_195' title='bbox 884 2108 1165 2150; x_wconf 88' lang='lat' dir='ltr'>collaudandi</span> <span class='ocrx_word' id='word_1_196' title='bbox 1189 2110 1274 2150; x_wconf 89' lang='lat' dir='ltr'>sint</span> <span class='ocrx_word' id='word_1_197' title='bbox 1298 2109 1440 2159; x_wconf 76' lang='lat' dir='ltr'>ambo,</span> <span class='ocrx_word' id='word_1_198' title='bbox 1459 2109 1562 2162; x_wconf 91' lang='lat' dir='ltr'>quia</span> <span class='ocrx_word' id='word_1_199' title='bbox 1582 2109 1815 2149; x_wconf 90' lang='lat' dir='ltr'>hominum</span> 
     </span>
     <span class='ocr_line' id='line_1_39' title="bbox 546 2178 1816 2227; baseline -0.002 -8"><span class='ocrx_word' id='word_1_200' title='bbox 546 2186 763 2227; x_wconf 89' lang='lat' dir='ltr'>naturam,</span> <span class='ocrx_word' id='word_1_201' title='bbox 801 2178 1008 2226; x_wconf 90' lang='lat' dir='ltr'>indolem,</span> <span class='ocrx_word' id='word_1_202' title='bbox 1046 2191 1199 2227; x_wconf 88' lang='lat' dir='ltr'>mores,</span> <span class='ocrx_word' id='word_1_203' title='bbox 1238 2179 1435 2219; x_wconf 89' lang='lat' dir='ltr'>animum</span> <span class='ocrx_word' id='word_1_204' title='bbox 1478 2185 1569 2218; x_wconf 88' lang='lat' dir='ltr'>tam</span> <span class='ocrx_word' id='word_1_205' title='bbox 1613 2184 1816 2218; x_wconf 90' lang='lat' dir='ltr'>accurate</span> 
     </span>
     <span class='ocr_line' id='line_1_40' title="bbox 545 2247 1814 2302; baseline -0.002 -13"><span class='ocrx_word' id='word_1_206' title='bbox 545 2254 856 2302; x_wconf 88' lang='lat' dir='ltr'>exposuerunt.</span> <span class='ocrx_word' id='word_1_207' title='bbox 950 2247 1187 2301; x_wconf 86' lang='lat' dir='ltr'>Multiplici</span> <span class='ocrx_word' id='word_1_208' title='bbox 1264 2262 1371 2288; x_wconf 89' lang='lat' dir='ltr'>sane</span> <span class='ocrx_word' id='word_1_209' title='bbox 1447 2248 1625 2300; x_wconf 81' lang='lat' dir='ltr'>ingenio</span> <span class='ocrx_word' id='word_1_210' title='bbox 1697 2247 1814 2300; x_wconf 85' lang='lat' dir='ltr'>apud</span> 
     </span>
     <span class='ocr_line' id='line_1_41' title="bbox 548 2316 1815 2370; baseline -0.002 -11"><span class='ocrx_word' id='word_1_211' title='bbox 548 2317 866 2370; x_wconf 88' lang='lat' dir='ltr'>Shaksperium</span> <span class='ocrx_word' id='word_1_212' title='bbox 913 2316 1126 2365; x_wconf 89' lang='lat' dir='ltr'>homines,</span> <span class='ocrx_word' id='word_1_213' title='bbox 1168 2317 1287 2370; x_wconf 91' lang='lat' dir='ltr'>apud</span> <span class='ocrx_word' id='word_1_214' title='bbox 1337 2316 1605 2370; x_wconf 90' lang='lat' dir='ltr'>Sophoclem</span> <span class='ocrx_word' id='word_1_215' title='bbox 1649 2316 1815 2369; x_wconf 93' lang='lat' dir='ltr'>simpli-</span> 
     </span>
    </p>
   </div>
   <div class='ocr_carea' id='block_1_7' title="bbox 547 2470 1814 2666">
    <p class='ocr_par' dir='ltr' id='par_1_9' title="bbox 547 2470 1814 2613">
     <span class='ocr_line' id='line_1_42' title="bbox 588 2470 1814 2513; baseline -0.003 -10"><span class='ocrx_word' id='word_1_216' title='bbox 588 2472 599 2490; x_wconf 81' lang='lat'>¹</span> <span class='ocrx_word' id='word_1_217' title='bbox 616 2472 666 2505; x_wconf 85' lang='lat' dir='ltr'>Cf.</span> <span class='ocrx_word' id='word_1_218' title='bbox 696 2471 902 2513; x_wconf 86' lang='lat' dir='ltr'>proverbium</span> <span class='ocrx_word' id='word_1_219' title='bbox 928 2471 1008 2502; x_wconf 87' lang='lat' dir='ltr'>illud</span> <span class='ocrx_word' id='word_1_220' title='bbox 1036 2472 1078 2502; x_wconf 85' lang='lat' dir='ltr'>de</span> <span class='ocrx_word' id='word_1_221' title='bbox 1100 2482 1167 2513; x_wconf 86' lang='lat' dir='ltr'>quo</span> <span class='ocrx_word' id='word_1_222' title='bbox 1193 2472 1318 2512; x_wconf 81' lang='lat' dir='ltr'>optimc</span> <span class='ocrx_word' id='word_1_223' title='bbox 1343 2471 1522 2513; x_wconf 83' lang='lat' dir='ltr'>disputavit</span> <span class='ocrx_word' id='word_1_224' title='bbox 1544 2472 1575 2512; x_wconf 89' lang='lat' dir='ltr'>J.</span> <span class='ocrx_word' id='word_1_225' title='bbox 1605 2471 1643 2502; x_wconf 85' lang='lat' dir='ltr'>E.</span> <span class='ocrx_word' id='word_1_226' title='bbox 1673 2470 1814 2510; x_wconf 81' lang='lat' dir='ltr'>Sandys,</span> 
     </span>
     <span class='ocr_line' id='line_1_43' title="bbox 547 2525 1811 2567; baseline -0.002 -10"><span class='ocrx_word' id='word_1_227' title='bbox 547 2528 596 2558; x_wconf 85' lang='lat' dir='ltr'>M.</span> <span class='ocrx_word' id='word_1_228' title='bbox 623 2528 715 2557; x_wconf 72' lang='lat' dir='ltr'>Tulli</span> <span class='ocrx_word' id='word_1_229' title='bbox 740 2527 899 2558; x_wconf 65' lang='lat' dir='ltr'>Ciceronis</span> <span class='ocrx_word' id='word_1_230' title='bbox 920 2527 965 2557; x_wconf 76' lang='lat' dir='ltr'>ad</span> <span class='ocrx_word' id='word_1_231' title='bbox 984 2527 1033 2557; x_wconf 85' lang='lat' dir='ltr'>M.</span> <span class='ocrx_word' id='word_1_232' title='bbox 1055 2527 1200 2557; x_wconf 68' lang='lat' dir='ltr'>Brutum</span> <span class='ocrx_word' id='word_1_233' title='bbox 1228 2528 1349 2558; x_wconf 68' lang='lat' dir='ltr'>Orczlor</span> <span class='ocrx_word' id='word_1_234' title='bbox 1368 2526 1492 2567; x_wconf 82' lang='lat'>(1885),</span> <span class='ocrx_word' id='word_1_235' title='bbox 1518 2537 1548 2567; x_wconf 87' lang='lat' dir='ltr'>p.</span> <span class='ocrx_word' id='word_1_236' title='bbox 1575 2525 1654 2563; x_wconf 54' lang='lat' dir='ltr'>xvh,</span> <span class='ocrx_word' id='word_1_237' title='bbox 1680 2536 1709 2555; x_wconf 77' lang='grc' dir='ltr'>ιι.</span> <span class='ocrx_word' id='word_1_238' title='bbox 1730 2535 1749 2563; x_wconf 79' lang='lat'><strong>4</strong></span> <span class='ocrx_word' id='word_1_239' title='bbox 1765 2537 1811 2555; x_wconf 36' lang='lat' dir='ltr'>:fl</span> 
     </span>
     <span class='ocr_line' id='line_1_44' title="bbox 549 2580 1014 2613; baseline -0.002 -1"><span class='ocrx_word' id='word_1_240' title='bbox 549 2584 571 2597; x_wconf 92' lang='lat'>“</span> <span class='ocrx_word' id='word_1_241' title='bbox 584 2582 673 2613; x_wconf 86' lang='lat' dir='ltr'>Artis</span> <span class='ocrx_word' id='word_1_242' title='bbox 690 2587 738 2612; x_wconf 83' lang='lat' dir='ltr'>est</span> <span class='ocrx_word' id='word_1_243' title='bbox 755 2582 859 2612; x_wconf 88' lang='lat' dir='ltr'>celare</span> <span class='ocrx_word' id='word_1_244' title='bbox 875 2580 1014 2612; x_wconf 80' lang='lat' dir='ltr'>artem.”</span> 
     </span>
    </p>

    <p class='ocr_par' dir='ltr' id='par_1_10' title="bbox 589 2634 1070 2666">
     <span class='ocr_line' id='line_1_45' title="bbox 589 2634 1070 2666; baseline -0.002 0"><span class='ocrx_word' id='word_1_245' title='bbox 589 2634 602 2653; x_wconf 78' lang='lat'>2</span> <span class='ocrx_word' id='word_1_246' title='bbox 619 2637 702 2666; x_wconf 89' lang='lat' dir='ltr'>Hor.</span> <span class='ocrx_word' id='word_1_247' title='bbox 727 2637 838 2666; x_wconf 78' lang='lat' dir='ltr'>Carm.</span> <span class='ocrx_word' id='word_1_248' title='bbox 860 2636 925 2665; x_wconf 87' lang='lat' dir='ltr'>III.</span> <span class='ocrx_word' id='word_1_249' title='bbox 946 2647 1020 2665; x_wconf 85' lang='lat' dir='ltr'>xxx.</span> <span class='ocrx_word' id='word_1_250' title='bbox 1046 2643 1070 2665; x_wconf 90' lang='grc' dir='ltr'>Ι.</span> 
     </span>
    </p>
   </div>
  </div>
 </body>
</html>
