2013 3328
302 643 328 668 T
327 643 394 668 lzree

297 677 400 708 Stages
409 675 442 701 in
451 675 498 701 the

298 711 380 741 Style
391 709 426 741 qf

298 743 453 776 Sophocles.

303 1059 330 1084 Τ
328 1058 347 1084 lt
351 1067 395 1083 ree

301 1093 324 1118 S
325 1095 405 1125 tages
414 1092 445 1117 in
454 1091 501 1117 tlze

300 1127 382 1157 Style
393 1126 430 1158 (ff

301 1160 469 1192 Shakspere.

515 324 562 361 72
772 312 1051 345 SOPHOCLES
1084 312 1186 343 AND
1219 313 1514 345 SHAKSPERE.
1647 312 1713 343 111.
1736 311 1784 351 (6)

514 421 605 461 sive
655 420 742 461 alio
795 434 883 475 quo
938 421 1083 470 modo,
1134 421 1370 475 diligenter
1425 427 1469 461 et
1525 427 1652 462 acute
1708 435 1788 460 ex-

515 490 726 543 primeret
742 491 778 531 ?1

575 559 670 600 Iam
703 573 818 608 vero,
851 565 898 599 ut
934 558 1182 599 accuratius
1213 558 1269 599 de
1307 559 1407 599 stilo
1441 559 1667 612 utriusque
1699 557 1787 598 dis-

514 635 734 682 putemus,
764 628 1009 681 Sophocles
1046 628 1195 668 stilum
1226 629 1350 681 quasi
1380 628 1596 682 triplicem
1630 627 1790 668 dicitur

515 697 733 747 habuisse,
754 697 918 750 quippe
948 697 1022 749 qui
1050 698 1296 737 orationem
1326 697 1540 751 Aeschyli
1568 697 1786 738 tumidam

516 773 649 820 atque
672 766 872 807 inflatam
899 766 1041 820 primo
1065 766 1274 815 imitatus,
1296 766 1457 807 deinde
1487 766 1790 807 artificiosiore

517 837 711 889 quadam
754 835 966 889 expolita,
1004 842 1099 876 tum
1142 836 1322 876 demum
1360 836 1510 876 stilum
1553 837 1608 876 ad
1648 849 1790 875 mores

518 905 809 959 explicandos
832 905 1125 958 aptissimum,
1142 905 1326 945 lenitate
1348 905 1541 958 quadarn
1566 912 1608 945 et
1631 918 1790 957 aequa-

518 974 691 1015 bilitate
713 974 984 1023 distinctum,
1009 973 1358 1028 excogitaverit.2
1419 974 1514 1014 Nec
1536 988 1625 1014 non
1655 974 1790 1015 etiam

521 1042 817 1097 Shaksperius
868 1044 952 1084 tria
1002 1044 1179 1084 dicendi
1225 1057 1387 1097 genera
1438 1050 1648 1096 expertus
1695 1049 1790 1093 est;

519 1113 662 1166 primo
689 1113 805 1153 enim
836 1112 1036 1153 nonnihil
1065 1113 1260 1154 arcessiti
1289 1119 1333 1154 et
1362 1113 1589 1162 elaborati,
1618 1118 1791 1153 senten-

518 1183 604 1223 tias
630 1183 886 1236 diligentius
914 1188 962 1223 ut
991 1183 1052 1223 ita
1082 1183 1226 1223 dicam
1257 1181 1546 1233 elucubratas,
1568 1182 1792 1232 videmus;

519 1252 681 1293 deinde
712 1258 761 1292 ut
792 1252 835 1292 in
871 1252 986 1292 Iulio
1020 1252 1209 1294 Caesare
1239 1265 1414 1292 summa
1444 1252 1696 1292 coniunctio
1724 1251 1794 1292 vel

519 1322 829 1363 convenientia
879 1322 1112 1363 verborum
1174 1335 1274 1362 cum
1336 1322 1568 1362 sententiis
1629 1321 1793 1374 ubique

521 1393 705 1442 eminet,
738 1392 781 1432 in
811 1381 971 1433 fabulis
1001 1392 1193 1444 denique
1225 1391 1443 1444 supremis
1471 1397 1598 1432 tanta
1625 1390 1675 1431 fit
1697 1404 1794 1431 sen-

520 1462 758 1502 tentiarum
792 1461 918 1515 copia
949 1466 998 1501 ut
1028 1461 1164 1502 verba
1195 1460 1284 1501 fere
1315 1460 1502 1501 deficere
1532 1459 1796 1502 videantur.3

523 1531 663 1584 Copia
715 1544 833 1584 ergo,
879 1530 1095 1578 ubertate,
1140 1529 1436 1570 redundantia
1488 1529 1796 1583 Shaksperius,

523 1599 769 1654 Sophocles
791 1599 1017 1640 lenissima
1033 1598 1376 1652 aequabilitate4
1398 1598 1578 1639 excellit
1597 1613 1605 1649 ;
1634 1598 1795 1639 diversi

567 1720 578 1739 ¹
596 1722 694 1752 Hanc
717 1721 852 1752 fortasse
872 1721 915 1751 ad
936 1731 1066 1752 causam
1086 1720 1255 1751 referenda
1270 1725 1345 1751 sunt
1362 1725 1409 1751 tot
1426 1720 1525 1751 verba
1540 1720 1694 1751 inusitata
1711 1731 1796 1762 quae

524 1775 556 1806 in
568 1776 595 1806 F
597 1775 774 1817 ragmentis
785 1775 977 1817 Sophocleis
988 1786 1142 1816 persaepe
1153 1780 1323 1816 apparent.
1358 1775 1408 1807 Cf.
1420 1775 1606 1816 Campbell,
1616 1776 1796 1815 Sophocles:

524 1831 625 1871 Plays
640 1831 712 1861 ancl
725 1831 931 1871 Fragments,
950 1831 1014 1860 vol.
1036 1830 1078 1867 I.,
1098 1840 1152 1870 pp.
1178 1838 1205 1860 Ι-
1211 1838 1239 1869 3.

566 1884 580 1904 ‘⁸'
595 1885 646 1917 Cf.
674 1885 854 1923 Plutarch.,
874 1886 926 1916 De
947 1885 1083 1926 Profert.
1111 1885 1230 1914 Vz‘rtut.
1257 1884 1361 1921 Saul„
1388 1894 1419 1924 p.
1448 1889 1489 1922 79
1500 1891 1534 1914 B:
1559 1884 1667 1924 ὥσπερ
1689 1885 1753 1924 ’γὰρ
1781 1884 1796 1914 ὁ

524 1941 692 1980 Σοφοκλῆς
713 1941 819 1980 ἕλε’γε,
837 1940 892 1970 τὸν
915 1941 1080 1978 Αἰσχύλου
1101 1939 1322 1977 διαπεπαιχὼς
1344 1939 1451 1977 ὄγκον,
1471 1939 1539 1968 εἶτα
1561 1939 1596 1968 τὸ
1616 1939 1724 1979 μικρὸν
1745 1940 1797 1969 καὶ

524 1996 720 2034 κατάτεχνον
737 1996 792 2033 τῆς
808 1995 905 2025 αὑτοῦ
921 1995 1126 2031 κατασκευῆς,
1140 1994 1244 2033 τρίτον
1262 1993 1321 2031 ἤδη
1336 1993 1373 2023 τὸ
1389 1994 1443 2030 τῆς
1456 1993 1567 2031 λέξεως
1578 1994 1796 2034 μεταβάλλειν

524 2050 747 2090 [μεταλαβεῖν]
763 2050 853 2088 εἶδος,
875 2049 953 2088 ὅπερ
969 2049 1055 2079 ἐστὶν
1072 2046 1267 2085 ἠθικώτατον
1284 2049 1336 2078 καὶ
1351 2048 1531 2087 βέλτιστον.

567 2103 580 2123 3
596 2105 648 2136 De
671 2105 734 2135 hoc
758 2103 853 2135 tertio
876 2103 951 2134 stilo
973 2103 1097 2144 optime
1120 2102 1165 2133 ait
1189 2102 1318 2133 criticus
1339 2101 1474 2143 quidam
1499 2102 1541 2143 (J.
1569 2101 1740 2143 Spedding
1764 2102 1796 2133 in

530 2160 563 2190 T
557 2160 596 2191 he
608 2158 823 2191 Gentleman's
833 2158 1017 2198 Magazz'ne,
1030 2158 1116 2198 Aug.
1131 2157 1168 2188 18
1171 2158 1225 2197 50)
1235 2159 1256 2172 “
1265 2157 1337 2187 The
1348 2156 1578 2198 close-packed
1588 2157 1776 2198 expression
1789 2169 1796 2194 ;

525 2214 581 2245 the
597 2214 664 2252 lise,
682 2213 748 2245 and
765 2213 891 2254 reality,
910 2213 976 2244 and
993 2212 1156 2243 freshness
1170 2223 1178 2249 ;
1203 2212 1258 2242 the
1275 2211 1367 2252 rapid
1383 2211 1448 2242 and
1465 2211 1584 2252 abrupt
1600 2210 1747 2253 turnings
1763 2211 1800 2242 of

525 2269 676 2309 thought,
694 2279 731 2299 so
746 2268 845 2309 quick
863 2268 932 2298 that
949 2268 1109 2308 language
1126 2277 1186 2298 can
1207 2266 1324 2306 hardly
1340 2266 1450 2297 follow
1472 2266 1534 2297 fast
1557 2267 1687 2307 enough
1704 2277 1712 2303 ;
1741 2267 1795 2297 the

524 2323 697 2365 impatient
712 2323 845 2363 activity
862 2322 898 2353 of
910 2322 1055 2353 intellect
1071 2321 1136 2352 and
1154 2321 1259 2361 fancy,
1276 2320 1383 2351 which
1399 2320 1521 2361 having
1536 2331 1618 2351 once
1634 2320 1795 2352 disclosed

524 2389 566 2409 an
578 2378 664 2416 idea,
682 2383 802 2409 cannot
818 2377 894 2408 wait
911 2382 944 2408 to
961 2377 1051 2408 work
1069 2376 1093 2407 it
1105 2377 1234 2416 orderly
1251 2380 1307 2406 out
1321 2387 1330 2413 ;
1354 2376 1409 2407 the
1425 2376 1541 2417 daring
1557 2376 1746 2407 confidence
1763 2376 1795 2406 in

526 2433 580 2464 the
590 2443 755 2464 resources
765 2432 802 2463 of
808 2433 979 2473 language,
988 2431 1095 2462 which
1108 2431 1244 2472 plunges
1254 2431 1419 2471 headlong
1429 2430 1498 2461 into
1510 2441 1530 2461 a
1539 2435 1692 2462 sentence
1703 2430 1794 2461 with-

525 2493 581 2519 out
597 2487 754 2528 knowing
770 2488 845 2518 how
858 2487 881 2517 it
898 2486 925 2517 is
941 2492 975 2517 to
991 2497 1084 2517 corne
1100 2484 1222 2516 forth.'’
1268 2485 1318 2516 Cf.
1340 2485 1504 2522 Dowden,
1524 2485 1719 2526 Slzakspere:
1734 2486 1798 2516 His

526 2543 709 2574 Affindand
722 2544 751 2573 A
758 2547 801 2580 rt,
816 2553 887 2583 cap.
908 2541 968 2579 iii.‚
988 2552 1018 2582 p.
1044 2540 1126 2577 1263
1146 2541 1322 2581 Shakspcre
1338 2540 1510 2578 (Primer),
1528 2551 1599 2581 cap.
1616 2540 1674 2577 iv.,
1694 2551 1724 2581 p.
1742 2547 1793 2579 37.

566 2596 579 2615 4
595 2597 648 2628 Ad
659 2597 744 2627 hanc
755 2596 949 2638 exquisitam
961 2601 992 2626 et
1003 2594 1207 2636 aequabilem
1220 2594 1375 2625 orationis
1385 2594 1577 2625 suavitatem
1592 2595 1794 2625 referendum

524 2657 573 2683 est
588 2662 709 2682 nomen
728 2653 750 2667 ‘¹
765 2651 872 2682 Ἀτθὶς
894 2648 1071 2688 μέλισσα,”
1087 2649 1175 2690 quod
1192 2649 1407 2680 admiratione
1425 2649 1562 2690 perculsi
1580 2649 1797 2680 Athenienses
