2013 3328
512 343 560 380 54
769 329 1048 363 SOPHOCLES
1082 328 1184 360 AND
1217 328 1512 361 SHAKSPERE.
1665 328 1711 360 11.
1733 326 1780 367 (8)

509 438 712 479 homines
741 439 1019 492 aliquantum
1052 443 1154 478 sunt
1186 438 1345 478 mutati
1365 436 1405 478 ?1
1471 438 1568 478 Nec
1600 450 1779 478 causam

508 513 575 548 est
611 507 787 549 difficile
823 508 866 548 in
902 513 1112 561 promptu
1150 506 1354 560 proferre.
1416 506 1535 560 Quid
1575 507 1692 547 enirn
1725 507 1781 547 de

510 582 651 617 morte
688 577 850 618 Christi
888 576 1064 617 dicam?
1126 575 1246 629 Quid
1283 576 1444 616 deinde
1480 577 1536 616 de
1571 575 1780 629 gentibus

509 645 783 687 Germanicis
820 651 962 686 totam
995 659 1073 698 per
1105 645 1330 698 Europam
1368 645 1565 698 undique
1601 644 1781 685 effusis?

509 715 674 768 Ecquis
714 721 941 768 praeterea
982 714 1179 755 oblivisci
1222 720 1380 767 potest,
1423 714 1600 767 quantis
1641 719 1780 754 certa-

507 784 699 825 minibus
744 784 800 824 de
852 784 1014 826 Christi
1061 783 1263 836 sepulcro
1309 788 1465 836 gentes
1516 783 1779 836 Europaeae

506 853 768 902 dimicarint,
810 853 928 894 unde
965 853 1198 895 Occidenti
1241 858 1290 893 ut
1332 853 1394 893 ita
1435 852 1581 892 dicam
1620 851 1780 893 Oriens

505 923 687 963 tandem
725 922 973 976 patefactus
1010 923 1106 963 est?
1170 922 1288 976 Quid
1327 921 1428 962 novi
1466 935 1553 961 non
1597 921 1683 961 iam
1722 921 1779 961 ab

505 991 759 1032 hominibus
795 991 1078 1045 exploratum
1116 997 1160 1031 et
1196 996 1472 1044 compertum
1510 996 1586 1040 est,
1623 996 1779 1043 utpote

505 1060 580 1113 qui
610 1067 752 1102 totum
784 1075 924 1115 prope
950 1061 1103 1101 orbem
1129 1066 1343 1100 terrarum
1377 1060 1604 1112 pervagati
1637 1059 1778 1100 sint?·2

506 1129 624 1183 Quid
660 1136 885 1183 postremo
916 1130 1061 1170 dicam
1094 1129 1149 1170 de
1181 1128 1595 1169 mathematicorum
1629 1128 1777 1182 physi—

505 1211 654 1239 corum
685 1199 1009 1252 astrologorum
1037 1198 1220 1239 scientia
1249 1204 1293 1239 et
1322 1198 1650 1251 experimentis,
1670 1198 1776 1250 quid

503 1268 558 1308 de
595 1268 822 1309 doctrinae
855 1269 1150 1316 renovatione,
1183 1268 1288 1320 quid
1326 1268 1518 1321 denique
1553 1268 1610 1308 de
1641 1268 1777 1308 tantis

502 1337 616 1377 inter
650 1337 884 1391 theologos
920 1343 964 1378 et
1001 1337 1114 1378 inter
1144 1336 1433 1390 philosophos
1469 1337 1637 1377 exortis
1673 1343 1777 1377 con-'

504 1407 725 1447 troversiis
742 1406 780 1447 ?3
840 1407 958 1461 Quid
983 1406 1139 1460 plura?

645 1487 666 1503 ‘⁴
680 1488 868 1532 Tempora
885 1493 1085 1529 mutantur,
1105 1497 1173 1520 nos
1191 1492 1227 1521 et
1245 1492 1432 1520 mutamur
1450 1485 1486 1520 in
1506 1486 1607 1520 illis.''
1621 1485 1634 1506 4

503 1561 664 1601 Nonne
690 1562 976 1602 manifestum
1003 1568 1068 1602 est
1094 1575 1229 1615 quam
1256 1561 1388 1615 longe
1414 1575 1557 1602 rerum
1590 1562 1775 1603 scientia

501 1637 545 1671 et
570 1631 823 1684 cognitione
848 1632 1042 1684 antiquis
1071 1631 1334 1671 recentiores
1364 1645 1443 1672 nos
1472 1631 1774 1673 excellamus?

505 1700 630 1740 Haec
652 1701 812 1749 omnia,
829 1701 885 1741 de
907 1701 1066 1753 quibus
1087 1713 1219 1752 supra
1242 1700 1538 1751 disseruimus,
1556 1707 1772 1754 quantum

500 1772 543 1811 in
587 1777 757 1812 mentes
798 1772 1028 1811 hominum
1071 1770 1299 1819 valuerint,
1333 1785 1480 1811 nonne
1515 1771 1772 1824 planissime

500 1842 715 1894 apparet?
768 1839 928 1894 Quare,
945 1840 1198 1880 hominibus
1215 1840 1340 1893 quasi
1364 1840 1576 1890 mutatis‚5
1595 1855 1772 1894 prorsus

542 1950 553 1970 ¹
571 1951 707 1993 Optime
723 1951 851 1993 scripsit
870 1949 1009 1982 Moliere
1027 1951 1087 1989 (Le
1100 1950 1236 1982 fllalade
1250 1951 1464 1991 Imaginaiw,
1486 1951 1532 1982 ΙΙ.
1552 1951 1626 1990 vii.)
1643 1964 1650 1982 :
1675 1953 1772 1984 “Les

498 2006 644 2045 amiens,
667 2006 845 2045 monsieur,
873 2011 947 2038 sont
973 2006 1020 2037 les
1044 2005 1195 2043 anciens3
1223 2010 1254 2037 et
1280 2016 1362 2037 nous
1387 2016 1529 2037 somnies
1557 2007 1602 2037 les
1622 2017 1703 2047 gens
1730 2007 1771 2039 de

498 2060 739 2093 maintenant.'’

541 2114 554 2133 2
571 2115 620 2147 Cf.
644 2117 683 2147 R.
703 2115 973 2153 Horton-Smith,
991 2120 1039 2156 op.
1059 2115 1124 2153 cit„
1144 2126 1175 2156 p.
1196 2121 1268 2154 371.
1339 2113 1412 2146 ³Cf.
1432 2120 1546 2155 supra,
1566 2126 1619 2156 pp.
1642 2123 1694 2154 29,
1717 2124 1766 2152 30.

540 2169 554 2189 4
570 2170 761 2209 (Lotharius
780 2171 822 2208 1.,
837 2171 882 2208 et)
894 2170 923 2211 J.
942 2170 1060 2201 Owen.
1112 2170 1162 2200 De
1179 2169 1274 2200 huius
1290 2180 1402 2200 versus
1418 2170 1574 2210 scriptore
1591 2170 1657 2201 vid.
1675 2172 1772 2202 Nom

496 2226 569 2256 and
581 2226 720 2265 Queries,
739 2236 799 2256 ser.
824 2233 851 2262 1,
870 2224 934 2255 vol.
958 2225 983 2255 Ι.
1005 2224 1130 2264 (1850),
1149 2232 1234 2263 234;
1259 2234 1318 2254 ser.
1341 2231 1371 2263 3,
1389 2224 1453 2255 vol.
1476 2224 1518 2254 X.
1541 2224 1665 2264 (1866),
1689 2231 1770 2264 1703

499 2291 559 2311 ser.
586 2289 618 2319 4,
644 2280 708 2311 vol.
737 2280 820 2311 XII.
849 2279 974 2319 (1873),
1002 2286 1064 2318 32;
1093 2289 1153 2310 ser.
1179 2285 1209 2319 5,
1234 2279 1298 2309 vol.
1330 2279 1355 2309 Ι.
1384 2278 1509 2318 (1874),
1536 2285 1620 2319 372;
1648 2290 1706 2310 ser.
1737 2280 1768 2317 8,

498 2335 562 2366 vol.
596 2335 621 2365 Ι.
654 2334 779 2373 (1892),
807 2333 880 2373 466.
946 2334 1029 2365 Cum
1058 2333 1129 2374 ipso
1156 2343 1249 2364 versu
1277 2333 1423 2364 conserte
1447 2334 1656 2374 proverbium
1689 2334 1769 2365 illud

498 2390 582 2421 inter
610 2390 725 2421 Gallos
752 2389 928 2420 usitatum:
956 2388 1111 2419 “Autres
1136 2393 1253 2429 ωαψς,
1279 2393 1387 2419 autres
1410 2387 1580 2425 moeurs'⁷;
1612 2394 1643 2420 et
1668 2389 1764 2420 Alex.

500 2445 601 2486 Pope‚
628 2444 743 2475 Mora!
764 2444 897 2484 Essays,
918 2443 979 2484 Ep.
1000 2442 1037 2480 i.,
1060 2449 1130 2482 172,
1153 2449 1234 2483 173:

615 2501 638 2515 ‘⁴
657 2499 814 2529 Manners
829 2498 909 2529 with
925 2498 1081 2535 fortunes,
1101 2498 1255 2528 humours
1271 2502 1345 2528 turn
1363 2497 1441 2528 with
1458 2498 1582 2535 elimes,

656 2554 779 2585 Tenets
794 2553 873 2584 with
890 2552 1006 2589 books,
1025 2552 1090 2582 and
1106 2551 1283 2593 principles
1300 2552 1378 2582 with
1395 2551 1526 2583 times.''

540 2607 552 2626 ⁵
571 2608 620 2640 Cf.
638 2608 794 2649 Scriptor.
809 2607 917 2638 Anon.
932 2606 965 2637 in
985 2606 1050 2636 The
1058 2606 1256 2646 Edz'nburglz
1272 2607 1407 2644 lx'eview,
1420 2607 1484 2637 vol.
1500 2606 1566 2636 XX
1574 2606 1646 2643 VI„
1664 2607 1762 2636 Num.

500 2670 550 2703 51,
565 2674 596 2704 p.
612 2669 651 2703 75
667 2675 673 2693 :
694 2664 717 2678 “
732 2662 879 2702 History‚
892 2672 927 2692 as
938 2660 1010 2691 well
1023 2671 1057 2692 as
1068 2660 1218 2701 religion,
1231 2660 1290 2691 has
1301 2660 1508 2691 contributed
1521 2665 1554 2691 to
1564 2661 1696 2701 enlarge
1712 2661 1767 2692 the
