1931 3328
228 334 296 365 ΙΙΙ.
314 335 383 374 (13)
419 334 572 366 UNITY
601 334 664 366 OF
691 333 896 366 ACTION:
931 334 1046 366 HOW
1074 334 1169 365 FAR
1198 334 1334 366 KEPT.
1465 348 1515 385 93

228 443 521 493 humanitate,
554 457 641 484 non
676 443 812 485 modo
846 457 997 485 arcum
1033 444 1192 497 (Ulixe
1226 443 1387 485 frustra
1415 458 1516 498 pro-

228 513 430 566 hibente)
448 512 722 555 Philoctetae
737 514 943 563 reddidit,
960 514 1038 555 sed
1054 514 1189 555 etiam
1205 514 1363 567 ipsum,
1378 513 1513 555 fidem

229 583 398 637 optime
416 589 678 632 servaturus,
697 583 883 624 domum
907 584 949 624 in
976 583 1207 625 Graeciam
1227 583 1413 625 avehere
1436 598 1514 625 sua

228 658 390 706 sponte
424 653 665 694 constituit.
729 652 878 707 Quam
910 653 1041 706 longe
1071 659 1221 695 autem
1252 667 1278 694 a
1313 654 1512 695 Deorum

230 723 416 763 consilio
454 728 499 763 et
536 728 792 776 temporum
833 722 1114 764 heroicorum
1158 724 1374 764 memoria
1411 723 1514 765 talis

229 792 490 846 tragoediae
530 792 680 833 exitus
722 791 1050 834 abhorruisset!
1124 792 1254 847 Quae
1298 806 1399 834 cum
1453 793 1514 834 ita

231 868 392 911 essent,
408 862 465 903 ad
489 862 637 903 Deum
657 876 747 903 non
770 863 919 916 potuit
936 863 1042 916 quin
1060 862 1321 916 confugeret
1339 862 1515 917 Sopho-

230 931 351 983 cles;
403 932 571 985 quippe
613 932 733 985 quod
777 932 860 972 nisi
914 932 1014 973 Deo
1057 933 1254 986 quodam
1297 933 1515 974 suadente

232 1015 314 1042 nec
373 1001 643 1042 Philoctetes
694 1015 775 1042 nec
829 1001 1156 1056 Neoptolemus
1207 1016 1233 1043 a
1283 1003 1514 1057 proposito

231 1072 534 1113 declinaturus
554 1070 706 1112 esset.1
751 1071 847 1112 Nec
869 1085 958 1112 non
981 1072 1073 1112 iure
1094 1072 1266 1126 optimo
1288 1072 1345 1113 ad
1368 1073 1514 1126 ipsum

236 1141 478 1182 Herculem
510 1141 724 1194 confugit,
753 1147 800 1182 ut
832 1142 901 1182 cui
935 1141 1070 1195 longa
1102 1142 1299 1183 amicitia
1331 1143 1514 1183 deditis-

232 1211 371 1252 simus
393 1211 468 1252 uni
491 1212 883 1265 obtemperaturus
911 1217 1027 1253 esset
1057 1212 1357 1253 Philoctetes.2
1424 1212 1512 1255 Sed

232 1281 342 1323 haee
383 1281 608 1323 hactenus.
678 1281 842 1322 Nonne
883 1281 991 1321 satis
1033 1282 1338 1335 exposuimus,
1379 1295 1514 1336 quam

231 1351 471 1404 diligenter
503 1350 750 1404 Sophocles
781 1351 845 1404 (id
883 1351 1003 1404 quod
1041 1364 1221 1405 perraro
1259 1350 1514 1405 Euripides)

232 1421 465 1470 curaverit,
497 1435 552 1462 ne
588 1421 765 1462 vindice
801 1420 953 1462 divino
992 1421 1135 1462 nodus
1172 1421 1383 1476 indignus
1420 1436 1516 1464 esse

234 1492 459 1533 videretur
478 1491 493 1532 ?

295 1595 381 1635 His
409 1600 560 1636 autem
591 1594 634 1635 in
664 1593 794 1635 rebus
826 1593 992 1636 diutius
1022 1594 1210 1636 fortasse
1239 1597 1517 1648 commorati,
1542 1610 1702 1671 vui'of)

1475 1667 1484 1674 .
1570 1655 1599 1670 nl
1620 1654 1662 1672 ⁴170

234 1664 292 1706 ad
319 1664 429 1705 illud
452 1664 587 1705 etiam
616 1677 868 1718 pergamUS,
889 1665 1199 1719 investigaturi
1223 1671 1444 1719 quatenus
1473 1680 1516 1708 1n
1536 1674 1738 1705 Acz21321:s10221

234 1734 397 1776 fabulis
447 1734 537 1776 suis
588 1734 911 1788 componendis
961 1740 1225 1776 contextum
1275 1749 1420 1776 rerum
1467 1713 1710 1780 acsiiassffsfesby

233 1804 618 1845 continuationem
648 1803 895 1858 Sophocles
919 1803 1307 1858 Shaksperiusque
1328 1806 1521 1848 sustinu-
1536 1781 1701 1849 3ῗῖἱὴαέ-

232 1873 356 1913 erint.
419 1871 520 1926 Qua
563 1872 607 1912 in
644 1871 961 1924 disputationis
997 1877 1124 1925 parte
1160 1873 1518 1915 animadverten—

234 1943 342 1984 dum
358 1948 425 1983 est
439 1948 609 1996 quanta
625 1942 683 1983 sit
700 1942 816 1983 inter
831 1948 950 1983 artes
966 1943 1193 1996 utriusque
1207 1943 1518 1997 discrepantia.

236 2011 535 2066 Simplicitate
556 2012 689 2061 enim,
711 2017 761 2052 ut
782 2025 916 2065 supra
938 2013 1242 2066 exposuimus,
1260 2013 1426 2054 eminet
1449 2027 1519 2055 ars

237 2081 502 2136 Sophoclea,
539 2082 707 2123 maiore
743 2082 939 2135 quadam
976 2082 1207 2132 varietate,
1248 2082 1519 2134 diversitate,

278 2188 289 2208 ¹
306 2190 413 2221 “The
434 2190 661 2231 supernatural
684 2199 811 2231 agency
827 2189 864 2221 of
884 2190 1046 2222 Heracles
1069 2189 1096 2222 is
1115 2190 1291 2232 employed
1309 2190 1342 2222 in
1358 2202 1378 2222 a
1393 2191 1519 2234 strictly

235 2245 359 2276 artistic
383 2255 530 2282 manner,
556 2245 696 2276 because
720 2245 776 2276 the
799 2245 977 2277 dead-lock
1001 2245 1038 2277 of
1057 2245 1197 2277 motives
1219 2246 1279 2277 has
1301 2256 1396 2278 come
1418 2247 1520 2278 about

236 2300 279 2341 by
295 2311 315 2331 a
331 2300 459 2331 natural
476 2310 630 2341 process:
656 2300 711 2331 the
735 2300 886 2342 problem
909 2311 984 2332 now
1008 2300 1036 2331 is
1058 2300 1135 2331 how
1152 2305 1186 2331 to
1210 2300 1372 2332 reconcile
1394 2302 1518 2333 human

236 2354 337 2396 piety,
367 2365 402 2385 as
430 2354 640 2395 represented
672 2354 714 2395 by
745 2355 801 2386 the
831 2355 978 2387 decision
1009 2355 1047 2386 of
1073 2355 1327 2397 Neoptolemus,
1353 2356 1432 2388 with
1464 2357 1520 2388 the

237 2420 378 2451 purpose
395 2409 432 2440 of
450 2410 504 2440 the
521 2410 615 2451 gods,
634 2420 669 2441 as
685 2410 838 2442 declared
862 2410 896 2442 in
916 2410 971 2442 the
987 2410 1097 2442 oracle
1117 2411 1155 2441 of
1176 2411 1337 2443 Helenus.
1387 2411 1477 2453 Only
1500 2424 1519 2444 a

235 2464 346 2495 divine
370 2475 517 2505 message
541 2464 639 2496 could
663 2464 751 2496 bend
775 2465 831 2497 the
855 2465 922 2497 will
946 2465 983 2497 of
1004 2465 1216 2504 Philoctetes,
1242 2477 1278 2498 or
1302 2466 1437 2498 absolve
1463 2468 1518 2499 the

236 2519 429 2551 conscience
456 2519 493 2550 of
520 2519 576 2551 the
606 2530 684 2551 man
711 2520 787 2551 who
814 2520 880 2552 had
908 2520 1074 2563 promised
1102 2525 1137 2552 to
1164 2520 1261 2563 bring
1286 2521 1355 2553 him
1383 2521 1518 2555 home.”

239 2574 334 2612 lebb,
351 2574 538 2615 Sophocles:
566 2574 670 2612 Phil„
693 2585 725 2616 p.
750 2574 849 2607 xxvii.

280 2628 360 2661 2Cf.
388 2629 576 2671 Campbell,
603 2630 768 2671 Sophocles
796 2628 943 2669 (Green’s
970 2631 1128 2662 Classical
1157 2631 1318 2670 Writers),
1344 2641 1415 2673 cap.
1446 2631 1500 2664 xii.

241 2695 271 2725 p.
297 2684 365 2716 126.
