2013 3328
265 846 324 872 lee

259 880 436 911 Sophoclem

262 914 374 939 Chorus

262 948 294 972 H
296 956 385 972 mmm

260 981 364 1006 rather
375 981 448 1007 tlzau

260 1015 330 1040 Idea
335 1015 353 1040 l.

479 307 527 355 36
753 304 1032 337 SOPHOCLES
1060 304 1162 336 AND
1191 304 1485 338 SHAKSPERE.
1634 306 1679 337 II.
1701 306 1749 347 (3)

476 414 568 462 sed,
598 414 762 455 neutris
798 414 981 455 omnino
1017 413 1180 464 favens,
1212 414 1564 456 mediocritatem
1601 415 1750 469 potius

476 482 600 524 illam
628 485 778 537 “quae
808 489 876 525 est
907 483 1021 525 inter
1048 483 1233 525 nimium
1263 490 1308 525 et
1335 483 1555 538 parum''1
1581 498 1754 525 servare

477 558 672 594 conatur.

540 622 640 663 Hac
681 627 830 663 autem
872 621 915 662 in
953 635 998 662 re
1034 635 1124 662 non
1165 621 1348 663 minime
1389 622 1634 664 cavendum
1673 627 1754 672 est,

479 704 534 732 ne
576 691 674 745 quis
715 696 842 744 putet
883 689 1065 732 chorum
1108 697 1234 732 tanta
1279 705 1452 732 morum
1497 692 1753 745 integritate

477 773 654 814 semper
678 774 724 801 se
749 761 999 814 praeditum
1028 761 1254 814 praebere.
1316 761 1438 802 Inter
1462 762 1578 802 enim
1609 761 1752 802 homi-

479 842 557 870 nes
603 843 766 879 sumus,
808 835 857 871 ut
902 829 989 870 iam
1041 843 1172 883 supra
1212 828 1440 879 diximus‚2
1480 830 1598 870 unde
1638 830 1752 871 sicut

478 898 680 939 homines
715 899 806 939 sive
843 899 1143 952 praesentium
1180 905 1315 949 metu,
1346 899 1437 939 sive
1468 899 1629 948 favore,
1659 900 1752 940 sive

478 968 593 1019 odio,
640 969 732 1009 sive
779 968 927 1008 nescio
968 982 1057 1021 quo
1103 967 1191 1009 alio
1242 969 1390 1009 studio
1437 968 1595 1016 allecti,
1636 982 1754 1009 nunc

477 1043 636 1091 parent
673 1038 937 1086 necessitati,
968 1051 1085 1079 nunc
1120 1038 1270 1078 animo
1300 1043 1474 1078 tantum
1507 1037 1753 1091 indulgent,

478 1106 597 1148 haud
630 1107 757 1148 aliter
793 1107 912 1160 apud
946 1106 1227 1161 Sophoclem,
1259 1121 1315 1148 ne
1345 1108 1451 1161 quid
1483 1108 1677 1149 severius
1707 1113 1752 1148 et

479 1176 604 1230 quasi
636 1176 692 1217 ab
724 1176 976 1217 hominibus
1007 1177 1200 1218 alienum
1229 1176 1373 1218 inesse
1400 1177 1612 1226 videatur,
1641 1191 1751 1218 non-

478 1259 704 1299 nunquam
747 1260 826 1299 pro
868 1259 913 1286 re
954 1252 1072 1295 nata,
1112 1259 1199 1286 non
1251 1246 1345 1286 sine
1395 1246 1505 1287 mira
1555 1247 1749 1299 quadam

477 1316 787 1364 inconstantia,
819 1328 991 1356 morum
1023 1316 1287 1369 pravitatem
1319 1315 1478 1356 chorus
1509 1321 1751 1369 spectator-

478 1385 575 1425 ibus
611 1384 805 1438 praebet.
882 1384 1003 1438 Quid
1046 1385 1163 1425 enim
1205 1385 1262 1426 de
1302 1385 1460 1426 eodem
1497 1384 1751 1438 Antigones

477 1454 611 1495 choro
647 1455 823 1495 dicam?
900 1455 1029 1496 Recti
1066 1455 1299 1496 instinctus
1340 1455 1609 1496 conscientia
1649 1454 1752 1496 licet

476 1523 736 1576 Antigonae
773 1523 931 1573 faveat,
968 1523 1172 1565 Creontis
1200 1530 1350 1565 tamen
1384 1523 1617 1565 formidine
1654 1538 1751 1577 per-

477 1593 621 1634 culsus
650 1593 758 1633 nihil
785 1593 868 1633 nisi
894 1592 1102 1634 solatium
1133 1593 1286 1634 inutile
1318 1593 1556 1634 moriturae
1585 1593 1749 1634 tribuit.

478 1663 599 1717 Quid
637 1663 829 1715 denique
862 1662 917 1702 de
952 1662 1226 1703 Philoctetae
1258 1662 1403 1711 choro,
1436 1663 1511 1716 qui
1549 1663 1749 1716 Neopto-

478 1732 645 1773 lemum
688 1732 803 1772 ultro
845 1731 1107 1772 adhortatur
1157 1737 1205 1772 ut
1247 1746 1348 1772 arcu
1390 1731 1521 1772 simul
1563 1731 1750 1785 abrepto

479 1801 771 1842 Philoctetam
796 1800 1001 1841 miserum
1026 1800 1169 1842 adhuc
1196 1801 1488 1842 dormientem
1516 1801 1750 1842 crudeliter

477 1868 753 1912 destituat?3

520 1985 531 2004 ¹
549 1986 619 2018 Cic.
636 1986 689 2017 De
706 1986 767 2027 Off
785 1986 813 2017 Ι.
829 1995 920 2023 xxv„
938 1986 955 2023 ἓ
972 1984 1023 2024 89.

520 2039 533 2059 ²
549 2040 599 2072 Cf.
619 2045 731 2081 supra,
751 2051 783 2081 p.
803 2048 854 2071 21.

520 2093 532 2113 3
550 2096 602 2126 De
624 2095 687 2126 hac
707 2094 798 2126 chori
818 2093 1038 2125 inconstantia
1058 2098 1089 2125 et
1109 2093 1270 2135 pravitate
1290 2093 1415 2135 optime
1435 2093 1564 2135 scripsit
1588 2094 1633 2125 H.
1651 2095 1681 2135 J.
1704 2095 1745 2126 G.

478 2150 585 2188 Paffin,
612 2140 722 2180 Etude
742 2160 803 2180 sur
822 2149 864 2180 les
893 2149 925 2179 T
922 2149 1068 2190 ragiques
1096 2149 1211 2180 Grecs:
1234 2149 1383 2190 Sophocle
1404 2149 1469 2187 (ed.
1496 2148 1527 2187 6,
1558 2148 1664 2187 1881),
1691 2160 1746 2190 pp.

478 2204 552 2243 260,
579 2204 658 2235 261:
688 2204 777 2236 “On
801 2203 855 2234 n’a
877 2214 936 2244 pas
955 2214 1044 2235 assez
1066 2202 1238 2244 remarque'
1258 2204 1352 2244 quels
1371 2202 1499 2234 de'fauts
1523 2203 1563 2234 de
1587 2202 1750 2235 caractere

477 2259 657 2290 donnaient
682 2259 728 2289 les
753 2257 865 2299 poetes
888 2268 980 2299 grecs
1003 2256 1022 2288 ἒῑ
1046 2269 1090 2289 un
1114 2268 1319 2299 personnage
1343 2257 1462 2298 charge}
1486 2258 1527 2289 de
1546 2257 1752 2299 representet

476 2314 559 2344 dans
583 2314 668 2344 leurs
691 2311 800 2354 pieces
820 2313 850 2343 la
871 2313 995 2343 morale
1014 2312 1219 2343 universelle.
1270 2313 1323 2343 En
1346 2312 1391 2343 lui
1413 2311 1544 2353 pretant
1563 2323 1616 2343 ces
1635 2312 1753 2344 hautes

477 2367 565 2399 idees
582 2367 713 2399 d’ordre
729 2372 760 2399 et
777 2368 818 2398 de
830 2367 950 2409 justice
965 2367 1022 2409 qui
1038 2372 1124 2405 sont,
1144 2367 1167 2398 il
1187 2371 1234 2398 est
1254 2367 1336 2405 vrai,
1355 2367 1437 2398 dans
1458 2371 1531 2398 tous
1552 2367 1599 2398 les
1620 2367 1749 2408 esprits,

477 2427 509 2454 et
540 2421 636 2463 qu’ils
667 2421 846 2464 pouvaient
877 2432 957 2453 avec
983 2421 1242 2453 vraisemblanee
1270 2421 1350 2452 faire
1376 2421 1472 2453 sortir
1495 2422 1537 2453 de
1560 2432 1595 2453 sa
1621 2421 1751 2453 bouche

476 2488 605 2509 comme
626 2477 657 2508 le
678 2477 723 2508 cri
745 2477 786 2507 de
806 2477 838 2507 la
855 2476 1046 2508 conscience
1061 2476 1230 2514 humaine,
1248 2476 1288 2508 ils
1303 2476 1434 2508 avaient
1450 2476 1522 2507 soin
1541 2476 1583 2508 de
1602 2486 1751 2507 ramener

477 2531 495 2564 a
516 2533 547 2563 la
571 2530 684 2563 realite
710 2542 753 2563 un
779 2530 847 2562 role
873 2531 1020 2573 toujours
1042 2542 1086 2562 un
1110 2542 1174 2573 peu
1196 2531 1281 2563 fictif
1300 2542 1359 2572 par
1379 2530 1559 2572 quelqu'un
1583 2531 1640 2562 des
1663 2531 1755 2562 traits

476 2587 639 2627 vulgaires
660 2586 715 2627 qui
738 2586 992 2627 appartiennent
1014 2584 1033 2616 a
1052 2585 1084 2616 la
1107 2585 1294 2617 multitude.
1344 2585 1413 2617 Son
1430 2586 1570 2626 langage
1594 2584 1672 2616 etait
1690 2596 1752 2626 pur

477 2648 509 2673 et
531 2642 648 2679 noble;
672 2652 706 2673 sa
728 2641 883 2672 concinite
906 2640 1032 2678 timide,
1055 2640 1289 2681 circonspecte,
1313 2638 1481 2678 interesse,
1504 2639 1689 2681 empreinte
1710 2640 1752 2671 de
