1931 3328
155 345 202 377 II.
218 345 266 386 (4)
291 345 476 379 EFFECT
500 345 563 379 OF
589 346 789 380 UNITIES
815 347 881 380 ΟΝ
906 347 1073 381 GREEK
1096 347 1339 381 TRAGEDY.
1381 361 1430 399 47

213 455 283 496 De
300 455 463 497 Tribus
482 456 746 498 Unitatibus
762 458 949 499 nimium
972 458 1231 499 disseruisse
1248 457 1433 500 forsitan
1453 475 1574 501 Results

151 525 394 568 videamur.
460 527 593 568 Hanc
617 533 768 568 tamen
792 534 970 569 nostrae
993 529 1310 582 disputationis
1336 542 1435 582 par·
1452 509 1626 571 ἵζ’,ἷῗιῗ-εεε-

153 601 244 636 tem
264 596 390 650 quasi
414 597 545 637 nimis
568 597 656 638 alte
673 598 911 651 repetitum
931 598 990 639 rei
1013 599 1190 639 initium
1208 612 1259 640 ac
1277 598 1435 639 funda-

155 671 357 706 mentum
380 679 435 706 ne
457 667 555 720 quis
578 667 690 708 serat
718 667 917 717 moleste,
939 669 1191 710 meminerit
1217 674 1434 721 quantam

151 735 267 776 inter
309 735 580 789 Sophoclem
629 743 672 778 et
720 737 1044 792 Shaksperium
1088 738 1432 792 discrepantiam

154 804 365 846 Unitates
388 805 490 847 illae
508 806 744 848 effecerint.
795 807 883 848 Hic
901 808 1019 849 enim
1037 822 1197 849 scenae
1214 814 1433 862 apparatu
1452 815 1655 892 gaha—3555&

153 875 413 928 saepissime
455 882 642 926 mutato,
686 878 896 918 maximis
942 879 1158 932 temporis
1204 893 1255 920 ac
1299 885 1654 953 spatusszzztzesszole

153 946 397 987 intervallis
438 947 691 997 interiectis,
728 947 922 989 hominis
959 949 1078 990 vitae
1116 950 1349 990 dimidium
1387 963 1430 990 in
1450 961 1602 1027 &2222ss

152 1021 241 1057 tres
282 1016 414 1058 horas
448 1017 723 1059 coarctavit.l
784 1018 855 1059 Ita
898 1018 1104 1060 libidines
1147 1020 1274 1073 quasi
1318 1030 1584 1062 cres-canon&

1451 1066 1600 1095 represent
1610 1072 1630 1089 a

152 1092 302 1128 centes
325 1093 368 1128 et
398 1087 494 1129 dira
517 1088 678 1129 mentis
701 1088 957 1138 certamina,
981 1089 1142 1142 quibus
1169 1089 1432 1130 iamdudum
1452 1097 1594 1130 Climax‚·

151 1157 408 1210 exagitatur
448 1158 483 1198 si
521 1158 619 1211 quis
656 1157 713 1199 ad
756 1158 922 1199 scelera
963 1158 1111 1200 futura
1146 1159 1434 1213 aggreditur,2

151 1225 235 1267 hoc
286 1240 421 1268 omne
472 1227 600 1268 nobis
647 1227 770 1269 velut
821 1235 926 1269 ante
978 1229 1130 1270 oculos
1182 1243 1432 1283 proponere

150 1302 353 1350 poterat;
400 1296 645 1351 Sophocles
683 1304 850 1348 contra,
878 1298 1012 1339 choro
1046 1299 1090 1340 in
1125 1313 1214 1340 uno
1252 1300 1431 1341 eodem-

150 1380 236 1419 que
278 1366 377 1407 loco
428 1367 708 1408 continenter
759 1367 1009 1418 assistente,
1051 1369 1159 1410 nihil
1211 1370 1294 1410 nisi
1343 1370 1430 1411 dis-

150 1436 314 1477 crimen
347 1437 466 1478 vitae
497 1450 755 1491 supremum
775 1436 815 1489 ;3
845 1439 964 1479 unde
999 1452 1087 1479 non
1126 1453 1205 1493 per
1232 1441 1432 1482 carmina

149 1597 339 1640 tragoediae
362 1603 466 1637 actus,
493 1609 555 1631 nec
578 1599 649 1631 sine
672 1599 773 1631 totius
796 1600 997 1641 (τριλογίαμ
1016 1601 1113 1642 (quae
1135 1603 1284 1641 vocatur)
1308 1602 1432 1634 damno

149 1653 362 1695 separabiles,
387 1664 457 1686 esse
474 1654 675 1693 viderentur,
699 1654 784 1686 inter
804 1655 894 1696 ipsos
910 1656 971 1687 hos
987 1661 1091 1695 actus,
1111 1657 1213 1688 choro
1229 1663 1305 1699 post
1320 1663 1431 1690 actum

148 1719 418 1751 unumquemque
442 1709 567 1741 scilicet
590 1720 734 1751 egresso,
761 1721 999 1752 nonnunquam
1028 1711 1128 1753 longa
1150 1713 1309 1754 temporis
1333 1714 1431 1745 inter-

149 1764 247 1802 valla,
274 1775 513 1806 nonnunquam
538 1765 638 1796 etiam
666 1765 730 1797 loci
754 1767 1049 1798 commutationem
1072 1768 1242 1809 permisit?
1287 1769 1363 1800 Iure
1386 1769 1431 1800 ait

150 1819 327 1861 Coleridge
341 1820 401 1861 (op.
417 1821 484 1858 cit„
499 1821 578 1851 Pars
594 1821 656 1859 IL,
670 1820 755 1860 §iv.,
770 1832 802 1863 p.
819 1823 913 1861 390):
935 1822 1040 1854 “The
1053 1823 1191 1864 Trilogy
1203 1823 1241 1854 of
1250 1823 1306 1855 the
1320 1824 1431 1856 Greek

148 1875 276 1906 theatre
304 1886 370 1906 was
397 1886 416 1906 a
443 1875 559 1906 drama
582 1876 615 1906 in
639 1877 732 1907 three
757 1876 863 1915 acts‚’'
889 1881 920 1908 et
948 1877 1019 1916 (ἰὰ,
1051 1879 1129 1909 Pars
1158 1879 1241 1918 111„
1272 1880 1364 1912 Lect.
1393 1880 1429 1918 i.,

149 1941 180 1972 p.
208 1930 286 1970 463)
313 1930 443 1962 “Take
470 1931 527 1962 the
554 1930 646 1963 three
671 1932 765 1973 plays
788 1932 826 1963 of
843 1932 1090 1974 Agamemnon,
1116 1934 1182 1964 and
1205 1934 1317 1966 divide
1341 1935 1431 1967 them

148 1984 219 2016 into
238 1985 331 2017 three
350 1990 430 2024 acts,
450 1986 528 2027 they
544 1987 655 2018 would
680 1987 764 2018 form
784 1997 848 2019 one
871 1987 960 2029 play,
984 2012 990 2019 .
1021 2012 1027 2019 .
1057 2012 1064 2019 .
1092 1989 1289 2031 eonsuming
1310 2001 1328 2021 a
1352 1990 1431 2022 time

149 2040 187 2072 of
198 2045 407 2082 twenty-two
423 2041 554 2082 years.’'

193 2094 204 2113 ¹
221 2097 299 2137 Eg.
321 2096 521 2138 Shakspere,
541 2096 698 2127 fllachetlz.

192 2149 204 2168 2
221 2150 272 2182 Cf.
294 2150 494 2193 Shakspere,
502 2151 624 2194 Julius
644 2152 774 2191 Caesar,
795 2152 843 2184 II.
863 2152 884 2183 i.
905 2152 946 2184 62
963 2163 1035 2194 sqq.
1055 2164 1063 2184 ε

373 2207 396 2222 “
411 2207 568 2238 Between
585 2207 642 2239 the
658 2207 770 2249 acting
786 2207 824 2239 of
835 2218 854 2238 a
871 2208 1022 2239 dreadsul
1039 2208 1145 2250 thing,

411 2262 487 2293 And
506 2262 562 2294 the
578 2262 647 2293 first
665 2262 802 2300 motion,
823 2263 867 2294 all
885 2263 941 2294 the
957 2262 1090 2295 interim
1106 2263 1133 2295 is

411 2316 496 2348 Like
512 2328 531 2348 a
548 2317 757 2358 phantasma,
777 2328 813 2349 or
829 2329 849 2349 a
864 2317 1005 2349 hideous
1021 2318 1144 2350 dream.

410 2372 485 2403 The
502 2372 640 2411 Genius,
659 2372 725 2403 and
742 2372 798 2404 the
814 2373 935 2404 mortal
952 2373 1167 2405 instruments

410 2427 478 2458 Are
494 2427 574 2458 then
591 2427 624 2458 in
641 2427 771 2459 council
785 2439 795 2466 ;
819 2428 885 2459 and
902 2428 957 2459 the
973 2433 1058 2460 state
1074 2428 1113 2460 of
1124 2440 1211 2468 man,

410 2481 495 2512 Like
511 2487 545 2513 to
562 2493 581 2513 a
597 2482 683 2513 little
699 2482 873 2523 kingdom,
893 2483 1007 2514 suffers
1024 2484 1103 2515 then

410 2537 483 2568 The
500 2542 615 2568 nature
631 2537 670 2568 of
681 2548 723 2568 an
739 2537 994 2570 insurrection.’'

191 2587 204 2608 3
221 2589 271 2622 Cf.
287 2590 527 2630 Lichtenstein,
539 2597 586 2633 op.
601 2592 669 2631 cit„
683 2603 713 2634 p.
731 2601 767 2633 31
785 2605 792 2624 :
813 2594 837 2609 “
849 2593 915 2624 Die
927 2593 1250 2635 Shakespear'schen
1263 2595 1430 2628 Personen

148 2644 281 2676 denken
302 2646 373 2677 ihre
393 2646 646 2688 Lebensgestalt
669 2658 728 2679 aus
752 2647 821 2680 sich
840 2648 960 2680 heraus
979 2659 1038 2680 vor
1060 2649 1124 2680 den
1148 2650 1294 2682 Horern.
1331 2675 1338 2683 .
1376 2675 1382 2683 .
1419 2677 1426 2684 .

148 2700 241 2742 Ajas,
262 2701 425 2743 Oedipus,
445 2701 614 2733 Philoktet
634 2702 704 2734 ihre
720 2713 798 2734 vom
817 2703 983 2735 Geschick
1003 2704 1243 2746 geschlagenen
1261 2707 1426 2745 Wunden,
