1931 3328
203 363 270 395 111.
288 364 335 402 (9)
398 363 612 395 FEELING
646 363 740 395 Fon
774 363 1037 395 EXTERNAL
1069 364 1280 395 NATURE.
1432 367 1481 414 83

199 485 408 526 supremo
459 473 689 526 cognoscit
744 473 851 526 quid
908 473 984 514 illa
1039 487 1245 527 sagarum
1306 473 1482 514 oracula

198 556 354 596 reapse
405 542 760 595 significaverint.
848 543 1168 597 Shaksperium
1222 544 1355 596 igitur
1405 544 1482 584 tali

198 626 342 653 rerum
376 612 732 653 dissimulatione
769 626 992 653 summum
1027 627 1074 654 se
1110 612 1324 654 artificem
1358 627 1481 666 prae-

197 682 345 723 buisse
381 682 480 736 quis
517 688 584 723 est
618 683 692 735 qui
728 696 816 722 non
860 681 1153 723 confiteatur?
1236 681 1482 736 Sophocles

198 758 348 793 autem
395 752 480 793 hoc
533 752 719 793 artificio
760 752 924 793 idcirco
971 752 1113 805 magis
1159 766 1294 805 quam
1338 752 1482 794 Shak-

197 822 367 875 sperius
392 821 612 870 utebatur,
633 822 739 875 quia
763 821 847 863 hac
873 835 961 862 una
986 822 1157 863 ratione
1182 822 1481 875 spectantium

198 891 383 941 animos,
427 891 588 944 quibus
632 896 766 932 antea
807 897 940 932 notus
983 898 1077 932 erat
1119 890 1298 942 exitus,1
1341 905 1482 945 usque

197 961 253 1001 ad
288 960 422 1001 finem
455 961 713 1015 tragoediae
740 967 911 1002 erectos
941 966 1092 1002 tenere
1118 967 1320 1014 poterat;
1358 962 1483 1002 cuius

198 1031 258 1071 rei
300 1031 470 1072 facilius
513 1031 771 1071 efficiendae
812 1044 956 1079 causa,
994 1031 1050 1071 ad
1089 1044 1214 1084 spem
1253 1031 1480 1085 quandam

199 1101 470 1153 ambiguam,
518 1101 574 1142 ad
627 1100 843 1141 laetitiam
906 1101 1134 1149 incertam,
1188 1101 1244 1141 ad
1302 1115 1481 1142 caecam

197 1171 391 1224 denique
427 1170 826 1224 exspectationem,
867 1171 1021 1211 crebro
1063 1171 1198 1211 etiam
1241 1185 1320 1224 per
1360 1171 1481 1212 chori

199 1238 420 1281 carmina2
482 1246 757 1293 spectatores
805 1240 1040 1290 alliciebat,
1098 1254 1187 1293 quo
1244 1241 1386 1294 magis
1438 1241 1481 1281 in

199 1311 296 1365 ipso
322 1311 581 1364 tragoediae
606 1310 729 1352 exitu
765 1311 1064 1352 misericordia
1084 1317 1481 1352 commoverentur.

262 1420 347 1460 His
377 1425 527 1460 autem
557 1419 612 1460 de
635 1422 643 1439 ‘
664 1419 813 1460 Ironia
845 1419 1059 1473 Tragica’
1082 1420 1170 1460 iam
1201 1420 1309 1461 satis
1340 1420 1482 1471 editis,

199 1503 539 1538 commoremur,
561 1503 740 1543 quaeso,
763 1490 805 1530 in
834 1489 911 1530 illa
931 1490 1282 1531 “convenientia
1309 1496 1353 1530 et
1379 1504 1482 1531 con-

200 1560 425 1600 iunctione
467 1566 652 1600 naturae
667 1558 717 1583 ”3
758 1573 891 1613 quam
941 1558 1189 1613 Sophocles
1241 1566 1285 1601 et
1337 1559 1481 1601 Shak-

201 1630 370 1684 sperius
416 1629 581 1683 ubique
627 1629 957 1683 praestiterunt.
1041 1629 1110 1669 En
1160 1630 1316 1670 miram
1361 1630 1481 1670 illam

201 1700 316 1741 inter
368 1699 579 1739 mortales
631 1705 674 1740 et
726 1705 932 1739 naturam
978 1696 1252 1751 συμπάθειαν
1299 1699 1365 1751 (ut
1421 1700 1483 1740 ita

200 1783 302 1810 cum
335 1768 577 1811 Cicerone4
608 1769 772 1820 dicam)
805 1775 973 1822 quanta
1005 1775 1099 1810 arte
1131 1783 1282 1810 amore
1313 1776 1483 1822 quanto

203 1838 449 1893 Sophocles
472 1838 738 1892 explicavit!
802 1838 898 1879 Nec
920 1845 1087 1879 temere
1113 1838 1325 1880 dixerunt
1349 1839 1484 1879 critici

201 1910 359 1951 heroas
409 1908 700 1951 vehementer
760 1908 848 1949 iam
911 1909 1168 1962 exagitatos
1223 1914 1330 1949 tunc
1382 1922 1483 1949 cum

203 1980 402 2020 maxime
439 1984 623 2020 naturae
661 1978 798 2033 ipsius
835 1979 1132 2020 amoenitates
1174 1978 1323 2019 studio
1365 1992 1484 2018 acer-

201 2050 314 2090 rimo
345 2048 667 2101 contemplari.5
727 2048 916 2090 Aiacem
949 2048 1067 2089 enim
1101 2048 1260 2102 ipsum,
1293 2054 1482 2089 mortem

202 2119 284 2160 sibi
315 2124 565 2160 extremam
589 2118 860 2171 iamiamque
886 2119 1201 2168 consciturum,
1227 2117 1374 2158 nullus
1406 2117 1483 2157 filii

203 2189 385 2230 infantis
422 2194 465 2229 et
502 2189 655 2229 uxoris
693 2202 828 2238 amor,
861 2188 982 2229 nulla
1023 2189 1190 2242 gloriae
1222 2188 1395 2242 cupido,
1430 2201 1484 2228 ne

202 2272 376 2313 poenae
423 2259 604 2312 quidem
648 2258 704 2299 ab
748 2258 889 2299 Ulixe
931 2258 1201 2311 repetendae
1244 2264 1485 2306 morantur,

203 2328 282 2370 sed
309 2328 565 2382 nescioquid
595 2328 805 2369 maeroris
828 2328 949 2381 quod
975 2328 1063 2369 iam
1091 2327 1368 2382 relinquendi
1396 2327 1483 2368 sint

247 2439 259 2459 1
275 2440 351 2472 Vid.
371 2445 483 2481 supra,
503 2451 558 2481 pp.
582 2446 633 2480 52,
653 2439 706 2477 61,
726 2446 777 2479 79.

247 2495 260 2514 2
276 2496 354 2537 Eg.
376 2495 479 2537 soph.
500 2495 556 2526 Αἱ.
577 2495 640 2535 693
657 2505 752 2536 sqq.;
780 2495 864 2526 Ant.
889 2494 948 2534 148
964 2505 1059 2537 sqq.;
1091 2494 1164 2526 Oed.
1191 2495 1268 2535 Tyr.
1292 2494 1374 2526 1086
1394 2505 1484 2536 sqq.;

211 2552 329 2583 Trach.
351 2557 412 2591 205
430 2560 502 2592 sqq.

249 2605 261 2625 3
277 2605 347 2638 Cic.
368 2606 420 2636 De
434 2605 661 2642 Divinatione,
682 2604 727 2635 ΙΙ.
749 2605 808 2642 lx„
827 2605 843 2643 ξ
864 2613 933 2644 124.

250 2661 263 2680 4
279 2661 348 2694 Cic.
368 2661 420 2692 l.c.

250 2716 262 2735 ⁵
279 2716 466 2758 Campbeu,
479 2716 644 2758 Sophocles
659 2715 808 2755 (Green’s
827 2716 984 2748 Classical
999 2716 1049 2747 W⁷
1060 2717 1163 2754 z'ters),
1179 2727 1250 2758 cap.
1268 2716 1347 2754 xiv.,
1363 2728 1393 2758 p.
1412 2725 1448 2757 13
1454 2723 1482 2758 5.

1505 702 1613 733 Tragz'c

1500 736 1592 768 Irony
1604 744 1683 761 more

1501 778 1649 801 necessary
1662 770 1694 795 in

1501 803 1649 835 Sophocles

1502 837 1575 862 tlzan
1587 838 1618 862 in

1501 871 1672 904 Shakspere.

1548 1436 1607 1462 III.
1621 1436 1661 1469 (9)

1501 1471 1683 1502 Feelingjor

1501 1505 1657 1530 External

1502 1540 1631 1570 lVature,

1501 1573 1565 1598 and
1574 1573 1614 1597 its

1501 1608 1661 1639 Harmany

1502 1641 1575 1666 witlz
1589 1641 1637 1666 tlte

1501 1675 1610 1701 Action
1622 1676 1652 1705 o]

1503 1709 1550 1735 tlze
1563 1709 1693 1734 Drama.

1503 1756 1651 1789 Sophocles
1661 1763 1702 1782 :—

1503 2062 1528 2088 Α
1528 2062 1555 2095 j.
