1931 3328
208 355 267 386 IV.
539 353 772 385 GENERAL
803 351 1159 385 COMPARISONS.
1412 360 1483 400 105

208 470 348 505 matre
380 464 486 504 dum
520 463 802 516 colloquitur)
827 461 1028 516 patrem,1
1051 461 1181 502 nullis
1214 460 1296 501 nisi
1327 459 1488 500 mentis

206 533 344 575 oculis
367 539 412 574 et
437 547 514 586 per
536 533 881 573 alucinationem
904 532 1156 585 dispiciunt.
1223 529 1311 571 Sed
1335 534 1486 569 tamen

207 609 275 644 est
307 603 381 643 ubi
413 608 585 656 patrem
620 616 708 642 non
743 602 831 642 iam
865 601 1027 642 mentis
1057 600 1196 641 oculis
1226 598 1304 640 sed
1334 611 1488 651 reapse

206 672 327 714 videt
373 669 643 720 Hamletus,2
686 685 766 712 nec
808 671 934 711 aliter
976 684 1065 712 una
1107 682 1207 710 cum
1251 667 1489 709 comitibus

210 742 437 791 Horatius,
470 741 634 795 quippe
668 741 743 794 qui
781 741 962 781 omnino
1000 754 1088 781 non
1121 738 1317 788 excitati,
1348 736 1489 777 haud-

207 825 432 865 quaquam
465 811 751 859 alucinanteS,
778 817 952 864 patrem
989 809 1192 850 Hamleti
1225 809 1318 849 sine
1351 807 1489 848 dubio

207 896 252 922 re
284 896 335 922 ac
366 881 552 922 veritate
585 880 870 921 intueantur.3

267 951 441 1005 Quibus
473 951 723 991 criticorum
757 950 975 990 erroribus
1007 948 1205 996 sublatis,
1240 947 1489 1000 Shaksper-

208 1022 369 1070 iumne,
393 1034 569 1074 quaeso,
593 1020 759 1061 scilicet
782 1020 945 1060 idcirco
969 1018 1344 1072 reprehendamus
1368 1016 1487 1069 quod

209 1091 395 1132 Sorores
424 1090 603 1131 Fatales
635 1096 679 1131 et
711 1096 986 1130 mortuorum
1019 1088 1199 1128 umbras
1231 1093 1491 1138 ceterasque

211 1162 253 1201 in
297 1161 439 1214 ipsam
478 1173 656 1201 scenam
700 1158 919 1212 protulit?
995 1158 1175 1205 Contra,
1213 1169 1301 1196 non
1346 1156 1490 1196 minus

209 1245 341 1285 quam
367 1230 646 1284 Aeschylum
670 1229 990 1282 Shaksperium
1022 1234 1198 1281 oportet
1227 1226 1493 1274 collaudare,

210 1302 377 1355 quippe
410 1301 485 1354 qui
523 1300 781 1353 nescioquid
815 1299 1098 1339 obscuritatis
1132 1297 1369 1350 ambiguae
1402 1309 1490 1336 non

210 1372 304 1411 sine
343 1371 577 1411 maiestate
614 1369 810 1422 quadam
849 1375 893 1409 et
935 1368 1213 1409 sublimitate
1249 1365 1494 1419 tragoediis

210 1441 272 1481 sic
316 1440 598 1481 arcessiverit.
688 1440 788 1480 Hac
832 1452 938 1491 ergo
987 1438 1030 1478 in
1078 1437 1340 1491 quaestione
1386 1435 1494 1476 satis

210 1512 299 1552 iam
331 1510 606 1560 commorati,
630 1510 685 1550 ad
719 1523 810 1550 rem
844 1509 1140 1562 perorandam
1174 1507 1448 1548 festinemus.

271 1665 405 1706 Edidi
440 1679 554 1719 quae
589 1664 713 1718 potui
751 1664 808 1704 de
842 1669 936 1704 arte
967 1663 1137 1716 tragica
1177 1661 1413 1715 Sophoclis
1451 1667 1494 1701 et

213 1735 485 1788 Shaksperii.
534 1735 741 1776 Vidimus
759 1739 900 1775 artem
918 1733 1133 1787 tragicam
1152 1732 1318 1772 inculta
1335 1737 1379 1771 et
1397 1730 1493 1771 rudi

1512 1672 1538 1697 R
1543 1670 1701 1703 ecapitula-

1512 1706 1573 1731 tion
1583 1705 1619 1738 (ff
1624 1705 1661 1730 M
1661 1705 1714 1730 ain

1512 1739 1616 1765 Points
1629 1739 1664 1771 qs

1484 1800 1492 1807 ,
1514 1774 1537 1799 C
1537 1776 1620 1805 αυεβα
1624 1773 1703 1799 rison

211 1805 383 1858 origine
414 1811 458 1846 et
489 1804 561 1845 hic
593 1810 636 1845 et
668 1804 757 1844 illic
789 1809 1009 1851 exortam,
1038 1802 1106 1843 cui
1139 1800 1335 1850 tandem,
1367 1814 1493 1854 quaS1
1511 1807 1635 1833 between

213 1881 417 1916 extrema
444 1887 578 1915 manu
609 1874 862 1923 accedente,
884 1872 1168 1926 perfectionis
1190 1862 1416 1922 cumulum
1449 1870 1494 1910 hi

213 1951 372 1999 poetae
396 1943 766 1998 praestantissimi
790 1943 1071 1984 addiderunt.
1127 1941 1338 1982 Vidimus
1360 1953 1495 1993 quam

213 2015 346 2069 longe
372 2028 397 2055 a
431 2014 666 2067 Sophoclis
693 2014 864 2054 ratione
886 2013 1124 2053 abhorreat
1148 2011 1224 2051 illa
1248 2010 1496 2063 Shaksper-

215 2085 326 2134 iana,
364 2098 444 2125 nec
482 2084 576 2125 sine
618 2097 793 2124 summa
835 2082 1067 2135 diligentia
1109 2087 1262 2121 tantae
1303 2080 1496 2132 discrep-

215 2155 363 2195 antiae
419 2167 575 2195 causas
633 2152 963 2207 exquisivimus.
1038 2150 1336 2192 Dissimillimi
1392 2163 1497 2203 ergo

259 2265 269 2284 1
287 2265 487 2307 Shakspere,
505 2265 652 2303 Hamlet,
672 2265 739 2296 ΙΙΙ.
756 2264 798 2296 iv.
820 2273 878 2304 103
895 2275 966 2305 sqq.
1017 2264 1107 2294 Dum
1124 2267 1251 2304 patrem
1267 2272 1362 2293 suum
1379 2260 1499 2292 intueri

214 2326 247 2352 et
272 2321 385 2352 audire
410 2321 588 2352 Hamletus
610 2320 673 2352 sibi
696 2320 836 2357 videtur,
857 2319 996 2360 Regina,
1015 2317 1166 2360 quamvis
1189 2316 1336 2359 undique
1360 2316 1495 2348 circum—

215 2376 343 2418 spiciat,
369 2375 451 2407 nihil
476 2380 586 2407 tamen
610 2375 712 2413 videt,
738 2374 874 2406 omnino
897 2374 979 2405 nihil
1002 2373 1094 2405 audit
1119 2373 1198 2412 (vid.
1224 2384 1275 2404 vv.
1308 2380 1380 2412 132,
1408 2372 1493 2412 134).

218 2432 318 2464 Unde
341 2431 468 2473 optimo
491 2430 560 2462 iure
583 2430 711 2472 scripsit
733 2430 864 2471 Stapfer
881 2431 943 2470 (op.
963 2430 1031 2467 cit.⁹
1050 2439 1121 2470 cap.
1142 2428 1213 2465 xii„
1232 2439 1263 2469 p.
1285 2427 1385 2467 267):
1413 2428 1436 2443 ‘⁶
1449 2427 1497 2458 Le

216 2492 343 2529 spectre
363 2498 382 2518 a
400 2487 483 2518 beau
503 2485 570 2518 etre
590 2486 692 2517 rendu
712 2485 853 2516 sensible
871 2496 935 2516 aux
959 2495 1043 2525 yeux
1067 2484 1111 2514 du
1130 2487 1327 2525 spectateur,
1346 2481 1497 2524 l'appari-

217 2542 287 2574 tion
303 2547 352 2574 est
368 2541 559 2584 subjective,
579 2541 716 2583 pilisque
732 2541 764 2571 la
780 2540 868 2572 reine
885 2550 926 2572 ne
943 2540 975 2571 la
991 2539 1058 2570 voit
1076 2538 1169 2579 pas.'’

261 2595 274 2615 2
291 2597 490 2638 Shakspere,
509 2596 655 2633 Harnlet,
676 2596 701 2626 I.
723 2595 764 2626 iv.

262 2650 274 2670 3
292 2651 491 2692 Shakspere,
510 2652 655 2688 Hamlet,
678 2651 703 2681 Ι.
724 2650 744 2680 i.
765 2658 807 2688 40
823 2660 894 2690 sqq.
945 2648 995 2680 Cs.
1019 2647 1158 2689 Stapfer,
1179 2652 1226 2688 op.
1247 2647 1311 2684 cit„
1333 2656 1403 2688 cap.
1425 2645 1495 2683 xii.‚

220 2718 276 2748 pp.
298 2707 361 2738 260
378 2717 448 2748 sqq.

1513 1841 1661 1874 Sophocles

1512 1875 1577 1901 and

1513 1910 1536 1935 S
1536 1908 1683 1942 lcakspere.
