1931 3328
158 372 204 404 II.
225 371 274 411 (1)
575 369 743 402 GREEK
773 368 1018 400 THEATRE.
1392 377 1434 403 ΙΙ

155 480 393 532 carebant3
448 480 599 529 immo,
644 478 841 534 simplex
887 478 930 519 in
978 477 1155 531 agendo
1202 475 1439 524 maiestas;

157 553 329 588 motum
357 546 540 588 omnino
568 545 739 587 nullum
768 545 850 587 nisi
877 558 978 586 cum
1001 544 1222 598 dignitate
1243 542 1438 596 quadam

157 623 202 658 et
232 615 552 670 tranquillitate
583 615 780 666 dabant;
814 628 904 668 quo
930 613 1114 655 tandem
1140 611 1349 653 effectum
1373 616 1441 651 est

158 693 207 728 ut
228 692 514 741 spectatores,
532 686 588 726 ad
607 685 860 738 sculpturae
877 689 1017 725 artem
1034 683 1251 731 translati,
1270 687 1441 722 statuas

160 756 285 810 quasi
317 757 518 797 viventes
550 756 711 796 intueri
743 751 1025 795 viderentur.¹

219 826 316 867 Nec
338 826 483 866 minus
506 825 562 866 ad
585 825 699 866 hanc
728 824 982 878 sculpturae
1010 823 1309 863 imitationem
1340 834 1441 861 con·
1462 835 1565 867 owing

1410 891 1419 898 .
1462 870 1581 899 thereto,
1595 868 1660 894 and

161 896 293 937 duxit
315 895 424 936 haec
442 895 579 936 altera
597 909 739 935 causa.
804 895 1055 947 Perpaucos
1072 898 1244 932 actores
1264 891 1443 932 Graecls
1464 906 1491 929 to
1505 903 1626 934 tlaesact

162 966 305 1019 poetis
355 965 567 1006 adhibere
614 964 748 1005 licuit.
840 964 1179 1016 Nonnunquam
1231 975 1350 1009 sane,
1396 966 1445 1001 ut
1463 937 1598 1031 ξγῖἷνῖεῒ

165 1035 437 1088 Eurysacem
461 1034 504 1074 in
528 1033 682 1083 Aiace,
700 1034 742 1074 in
767 1033 1017 1073 Trachiniis
1042 1031 1182 1080 Iolen,
1199 1031 1243 1071 in
1267 1029 1445 1071 Electra
1462 1015 1562 1065 ωἷῗὲε
1585 1013 1652 1030 mm

1464 1072 1592 1099 allowed

166 1105 390 1159 Pyladem,
426 1105 468 1144 in
506 1103 741 1157 Oedipode
778 1104 993 1156 Tyranno
1031 1115 1159 1142 senes
1196 1107 1643 1174 puerosqueffitvrffget’gs

163 1175 421 1228 suppliciter
444 1174 615 1227 Regem
644 1179 970 1227 exspectantes,
992 1168 1112 1227 κωφὰ
1135 1169 1357 1226 πρόσωπα
1382 1171 1447 1220 (ut
1646 1159 1652 1172 '

165 1245 227 1285 ita
256 1243 424 1285 Graece
454 1243 624 1296 loquar)
652 1242 899 1296 Sophocles
926 1241 1118 1288 admisit,
1145 1240 1222 1280 sed
1252 1254 1277 1280 a
1307 1239 1447 1280 tribus

164 1321 340 1355 tantum
364 1313 598 1362 actoribus,
613 1312 695 1352 nisi
714 1312 900 1352 fortasse
922 1311 964 1351 in
989 1311 1226 1363 Oedipode
1249 1309 1449 1351 Coloneo

166 1390 388 1438 quattuor,
414 1396 568 1423 omnes
598 1382 837 1423 ‘dramatis
868 1380 1107 1434 personae'
1135 1380 1178 1420 in
1208 1378 1449 1432 tragoediis

168 1452 429 1508 Sophocleis
481 1451 769 1493 sustinendae
821 1456 957 1491 erant.
1021 1449 1254 1502 Nusquam
1307 1448 1451 1501 igitur,

169 1523 403 1576 Oedipode
457 1521 656 1564 Coloneo
718 1520 906 1561 fortasse
957 1525 1161 1571 excepto,
1213 1518 1312 1571 plus
1363 1525 1453 1558 tres

168 1593 407 1634 ‘dramatis
440 1589 677 1646 personas'
713 1590 843 1630 simul
887 1590 930 1629 in
974 1603 1108 1629 scena
1149 1588 1454 1641 colloquentes

169 1664 376 1705 inducere
407 1660 613 1716 poterat.2
675 1660 794 1715 Quid
834 1674 940 1713 ergo
977 1659 1138 1699 mirum
1173 1658 1208 1698 si
1247 1657 1456 1711 perpauci

212 1788 223 1808 ¹
242 1788 291 1821 Cf.
311 1788 476 1829 Schlegel,
494 1793 541 1829 op.
559 1788 626 1826 cit„
648 1787 741 1819 Lect.
763 1786 822 1824 iv.,
842 1797 873 1828 p.
889 1786 942 1824 62,
966 1786 989 1801 ‘⁶
1001 1785 1075 1816 The
1092 1785 1194 1816 forms
1208 1784 1246 1815 of
1258 1784 1314 1815 the
1328 1783 1452 1822 masks,

169 1845 234 1877 and
249 1845 304 1876 the
317 1844 424 1875 whole
437 1853 643 1885 appearance
655 1842 693 1873 of
702 1842 757 1873 the
772 1841 875 1882 tragic
888 1841 1019 1882 figures,
1033 1851 1082 1871 we
1096 1851 1171 1881 may
1185 1839 1287 1880 easily
1298 1849 1454 1881 suppose,

170 1911 256 1931 were
273 1899 469 1940 sufficiently
482 1898 642 1929 beautiful
655 1898 721 1928 and
735 1897 906 1938 dignified.
958 1897 1022 1927 We
1039 1895 1160 1927 should
1177 1896 1221 1926 do
1236 1895 1309 1926 well
1323 1900 1358 1925 to
1371 1894 1456 1925 have

170 1956 226 1987 the
249 1954 382 1986 ancient
407 1954 573 1995 sculpture
597 1953 720 1994 always
744 1957 877 1994 present
901 1957 935 1983 to
959 1962 1019 1983 our
1043 1951 1175 1988 minds3
1199 1950 1264 1981 and
1289 1950 1345 1980 the
1370 1954 1457 1980 most

170 2015 322 2042 accurate
353 2009 564 2051 conception,
595 2008 750 2050 perhaps,
780 2007 851 2038 that
884 2018 933 2038 we
965 2017 1026 2038 can
1058 2006 1207 2048 possibly
1232 2006 1327 2043 have,
1363 2005 1389 2036 is
1421 2010 1455 2036 to

171 2066 317 2107 imagine
340 2065 432 2096 them
460 2075 496 2095 so
525 2075 625 2105 many
648 2068 771 2094 statues
800 2063 832 2093 in
862 2063 918 2094 the
945 2062 1050 2103 grand
1078 2062 1162 2102 style
1189 2061 1350 2092 endowed
1376 2060 1456 2091 with

172 2121 228 2153 life
245 2121 311 2152 and
328 2119 455 2151 motion
468 2118 510 2158 ”3
531 2119 673 2160 Stapfer,
696 2124 742 2160 op.
764 2119 832 2156 cit„
851 2129 922 2159 cap.
944 2117 1005 2155 iii.,
1025 2128 1056 2159 p.
1080 2123 1132 2157 57,
1159 2118 1183 2132 “
1197 2117 1251 2147 Au
1268 2116 1381 2146 milieu
1399 2116 1457 2146 des

172 2177 246 2218 plus
261 2176 353 2206 vives
377 2173 540 2206 e'motions
563 2173 721 2205 l’homme
745 2173 857 2205 restait
882 2173 924 2204 de
948 2172 1090 2210 marbre,
1116 2182 1200 2213 pour
1223 2171 1305 2202 ainsi
1323 2171 1406 2209 dire,
1425 2175 1457 2202 et

174 2230 359 2263 conservait
376 2230 408 2261 la
424 2228 563 2271 majeste'
579 2228 678 2260 d’une
695 2227 839 2260 statue.''

217 2284 230 2304 2
246 2286 405 2317 Actorem
420 2295 523 2316 unum
541 2284 597 2326 qui
613 2294 689 2315 cum
705 2283 894 2325 coryphaeo
911 2282 1156 2324 colloqueretur
1173 2280 1317 2322 Thespis
1333 2280 1458 2322 primus

174 2341 367 2378 induxerat3
391 2340 531 2372 alterum
554 2339 750 2380 Aeschylus,
770 2343 801 2370 et
824 2338 970 2376 tertium,
995 2336 1133 2369 testibus
1154 2336 1335 2368 Aristotele
1356 2336 1454 2375 (Poet.

176 2396 235 2435 iv.,
250 2397 267 2435 ἓ
287 2403 337 2436 13,
352 2405 384 2437 p.
405 2403 488 2434 1449
500 2395 538 2433 A)
555 2399 587 2425 et
603 2394 707 2426 Suida
724 2394 798 2432 (s.v.
817 2393 1013 2433 Σοφοκλῆς),
1028 2391 1158 2423 addidit
1170 2391 1241 2432 ipse
1256 2390 1459 2432 Sophocles3

177 2462 238 2483 nec
249 2461 317 2482 non
327 2455 359 2481 et
372 2449 558 2490 Aeschylus
570 2448 604 2480 in
621 2447 801 2489 ‘Trilogia'
815 2458 872 2479 sua
885 2447 1071 2489 superstite,
1084 2446 1286 2487 Sophoclem
1298 2445 1457 2482 imitatus,

178 2512 243 2539 tres
264 2511 392 2538 actores
412 2505 586 2543 adhibuit;
611 2504 677 2536 vid.
696 2504 795 2545 Jebb,
823 2502 957 2534 Growtlc
978 2503 1051 2533 and
1067 2501 1237 2543 lnflzcence
1250 2501 1291 2541 of
1307 2500 1466 2532 Classical

183 2562 283 2593 Greek
298 2561 416 2601 Poetry
432 2559 556 2600 (1893),
582 2569 655 2601 cap.
675 2558 734 2597 vi.‚
759 2569 790 2600 p.
815 2558 888 2589 206.
939 2558 985 2588 At
1008 2556 1096 2588 enim
1118 2556 1153 2587 in
1174 2555 1332 2596 Aeschyli
1353 2555 1460 2586 Choe-

179 2616 304 2659 phoris,
329 2615 434 2647 tribus
457 2615 625 2646 actoribus
645 2614 712 2645 iam
732 2613 818 2645 inter
839 2623 873 2644 se
897 2611 1174 2653 colloquentibus,
1200 2610 1343 2652 Pylades
1362 2610 1462 2642 etiam

180 2682 295 2703 vocem
312 2671 415 2702 semel
428 2669 550 2701 emittit
565 2670 631 2707 (vv.
648 2668 806 2708 900-902)
822 2679 830 2706 3
854 2667 912 2698 sed
929 2667 1051 2698 diserte
1066 2666 1108 2697 de
1124 2665 1188 2697 hoc
1205 2665 1334 2707 scripsit
1349 2665 1460 2697 Schol.

182 2727 239 2766 (ad
265 2726 320 2758 loc.
355 2726 425 2764 cit.)
458 2725 744 2763 “mereffxetfiacrrat
776 2722 792 2754 ὁ
823 2723 997 2762 ἐξάγγελος
1021 2722 1063 2753 εἰς
1090 2721 1257 2759 Πυλάδην,
1283 2721 1334 2750 ἵνα
1361 2720 1405 2758 μὴ
1437 2719 1465 2750 δ’
