<?xml version="1.0" encoding="UTF-8"?>
<!DOCTYPE html PUBLIC "-//W3C//DTD XHTML 1.0 Transitional//EN"
    "http://www.w3.org/TR/xhtml1/DTD/xhtml1-transitional.dtd">
<html xmlns="http://www.w3.org/1999/xhtml" xml:lang="en" lang="en">
 <head>
  <title>
</title>
<meta http-equiv="Content-Type" content="text/html;charset=utf-8" />
  <meta name='ocr-system' content='tesseract 3.04.00' />
  <meta name='ocr-capabilities' content='ocr_page ocr_carea ocr_par ocr_line ocrx_word'/>
</head>
<body>
  <div class='ocr_page' id='page_1' title='image "./arstragicasophoc00hort_0058.png"; bbox 0 0 2013 3328; ppageno 0'>
   <div class='ocr_carea' id='block_1_1' title="bbox 296 820 438 887">
    <p class='ocr_par' dir='ltr' id='par_1_1' title="bbox 296 820 438 887">
     <span class='ocr_line' id='line_1_1' title="bbox 296 820 438 852; baseline 0.007 -7"><span class='ocrx_word' id='word_1_1' title='bbox 296 820 341 852; x_wconf 80' lang='lat' dir='ltr'>(a)</span> <span class='ocrx_word' id='word_1_2' title='bbox 352 829 386 846; x_wconf 83' lang='lat' dir='ltr'>as</span> <span class='ocrx_word' id='word_1_3' title='bbox 397 829 438 846; x_wconf 80' lang='lat' dir='ltr'>an</span> 
     </span>
     <span class='ocr_line' id='line_1_2' title="bbox 297 855 398 887; baseline 0 -7"><span class='ocrx_word' id='word_1_4' title='bbox 297 855 398 887; x_wconf 79' lang='lat' dir='ltr'>Actor,</span> 
     </span>
    </p>
   </div>
   <div class='ocr_carea' id='block_1_2' title="bbox 296 1723 454 1791">
    <p class='ocr_par' dir='ltr' id='par_1_2' title="bbox 296 1723 454 1791">
     <span class='ocr_line' id='line_1_3' title="bbox 296 1723 411 1757; baseline 0 -8"><span class='ocrx_word' id='word_1_5' title='bbox 296 1723 336 1757; x_wconf 76' lang='lat' dir='ltr'>(h)</span> <span class='ocrx_word' id='word_1_6' title='bbox 347 1733 380 1749; x_wconf 80' lang='lat' dir='ltr'>ns</span> <span class='ocrx_word' id='word_1_7' title='bbox 392 1733 411 1749; x_wconf 85' lang='lat' dir='ltr'>a</span> 
     </span>
     <span class='ocr_line' id='line_1_4' title="bbox 296 1759 454 1791; baseline 0 -8"><span class='ocrx_word' id='word_1_8' title='bbox 296 1759 454 1791; x_wconf 71' lang='lat' dir='ltr'><em>Spectator.</em></span> 
     </span>
    </p>
   </div>
   <div class='ocr_carea' id='block_1_3' title="bbox 296 2116 461 2210">
    <p class='ocr_par' dir='ltr' id='par_1_3' title="bbox 296 2116 461 2210">
     <span class='ocr_line' id='line_1_5' title="bbox 301 2116 359 2142; baseline 0 0"><span class='ocrx_word' id='word_1_9' title='bbox 301 2116 359 2142; x_wconf 71' lang='lat' dir='ltr'>The</span> 
     </span>
     <span class='ocr_line' id='line_1_6' title="bbox 296 2150 451 2176; baseline 0 0"><span class='ocrx_word' id='word_1_10' title='bbox 296 2151 325 2176; x_wconf 93' lang='lat' dir='ltr'><em>E</em></span> <span class='ocrx_word' id='word_1_11' title='bbox 325 2150 451 2176; x_wconf 81' lang='lat' dir='ltr'>ssential</span> 
     </span>
     <span class='ocr_line' id='line_1_7' title="bbox 297 2184 461 2210; baseline 0.006 -1"><span class='ocrx_word' id='word_1_12' title='bbox 297 2184 320 2210; x_wconf 92' lang='lat' dir='ltr'><em>C</em></span> <span class='ocrx_word' id='word_1_13' title='bbox 322 2184 360 2210; x_wconf 79' lang='lat' dir='ltr'>lta</span> <span class='ocrx_word' id='word_1_14' title='bbox 363 2194 412 2210; x_wconf 82' lang='lat' dir='ltr'>rac</span> <span class='ocrx_word' id='word_1_15' title='bbox 416 2187 461 2210; x_wconf 77' lang='lat' dir='ltr'>ter</span> 
     </span>
    </p>
   </div>
   <div class='ocr_carea' id='block_1_4' title="bbox 295 2218 503 2250">
    <p class='ocr_par' dir='ltr' id='par_1_4' title="bbox 295 2218 503 2250">
     <span class='ocr_line' id='line_1_8' title="bbox 295 2218 503 2250; baseline 0.005 -7"><span class='ocrx_word' id='word_1_16' title='bbox 295 2219 359 2244; x_wconf 80' lang='lat' dir='ltr'>and</span> <span class='ocrx_word' id='word_1_17' title='bbox 369 2219 455 2250; x_wconf 78' lang='lat' dir='ltr'>Office</span> <span class='ocrx_word' id='word_1_18' title='bbox 466 2218 503 2250; x_wconf 86' lang='lat' dir='ltr'>of</span> 
     </span>
    </p>
   </div>
   <div class='ocr_carea' id='block_1_5' title="bbox 297 2252 476 2278">
    <p class='ocr_par' dir='ltr' id='par_1_5' title="bbox 297 2252 476 2278">
     <span class='ocr_line' id='line_1_9' title="bbox 297 2252 476 2278; baseline 0.006 -1"><span class='ocrx_word' id='word_1_19' title='bbox 297 2252 344 2278; x_wconf 69' lang='lat' dir='ltr'><em>tlce</em></span> <span class='ocrx_word' id='word_1_20' title='bbox 357 2253 380 2278; x_wconf 85' lang='lat' dir='ltr'><em>C</em></span> <span class='ocrx_word' id='word_1_21' title='bbox 380 2252 476 2278; x_wconf 79' lang='lat' dir='ltr'>lzorus.</span> 
     </span>
    </p>
   </div>
   <div class='ocr_carea' id='block_1_6' title="bbox 521 279 1791 329">
    <p class='ocr_par' dir='ltr' id='par_1_6' title="bbox 521 279 1791 329">
     <span class='ocr_line' id='line_1_10' title="bbox 521 279 1791 329; baseline -0.001 -17"><span class='ocrx_word' id='word_1_22' title='bbox 521 293 572 329; x_wconf 84' lang='lat'>34</span> <span class='ocrx_word' id='word_1_23' title='bbox 786 279 1065 312; x_wconf 89' lang='lat' dir='ltr'>SOPHOCLES</span> <span class='ocrx_word' id='word_1_24' title='bbox 1093 280 1194 311; x_wconf 93' lang='lat' dir='ltr'>AND</span> <span class='ocrx_word' id='word_1_25' title='bbox 1224 280 1519 313; x_wconf 89' lang='lat' dir='ltr'>SHAKSPERE.</span> <span class='ocrx_word' id='word_1_26' title='bbox 1675 280 1722 311; x_wconf 88' lang='grc' dir='ltr'>ΙΙ.</span> <span class='ocrx_word' id='word_1_27' title='bbox 1742 280 1791 320; x_wconf 88' lang='lat'>(3)</span> 
     </span>
    </p>
   </div>
   <div class='ocr_carea' id='block_1_7' title="bbox 512 389 1791 1901">
    <p class='ocr_par' dir='ltr' id='par_1_7' title="bbox 516 389 1789 582">
     <span class='ocr_line' id='line_1_11' title="bbox 517 389 1789 443; baseline 0.001 -14"><span class='ocrx_word' id='word_1_28' title='bbox 517 401 693 442; x_wconf 91' lang='lat' dir='ltr'>quoque</span> <span class='ocrx_word' id='word_1_29' title='bbox 739 402 791 430; x_wconf 93' lang='lat' dir='ltr'>ea</span> <span class='ocrx_word' id='word_1_30' title='bbox 837 389 1057 442; x_wconf 78' lang='lat' dir='ltr'>dignitate</span> <span class='ocrx_word' id='word_1_31' title='bbox 1108 394 1242 443; x_wconf 90' lang='lat' dir='ltr'>atque</span> <span class='ocrx_word' id='word_1_32' title='bbox 1287 390 1558 431; x_wconf 79' lang='lat' dir='ltr'>obscuritate</span> <span class='ocrx_word' id='word_1_33' title='bbox 1603 389 1696 438; x_wconf 86' lang='lat' dir='ltr'>fuit,</span> <span class='ocrx_word' id='word_1_34' title='bbox 1740 394 1789 430; x_wconf 93' lang='lat' dir='ltr'>ut</span> 
     </span>
     <span class='ocr_line' id='line_1_12' title="bbox 516 457 1787 512; baseline 0.001 -14"><span class='ocrx_word' id='word_1_35' title='bbox 516 457 826 508; x_wconf 80' lang='lat' dir='ltr'>Athenienses,</span> <span class='ocrx_word' id='word_1_36' title='bbox 850 472 997 499; x_wconf 89' lang='lat' dir='ltr'>coram</span> <span class='ocrx_word' id='word_1_37' title='bbox 1021 459 1180 512; x_wconf 90' lang='lat' dir='ltr'>quibus</span> <span class='ocrx_word' id='word_1_38' title='bbox 1207 459 1317 500; x_wconf 91' lang='lat' dir='ltr'>mira</span> <span class='ocrx_word' id='word_1_39' title='bbox 1342 459 1417 500; x_wconf 91' lang='lat' dir='ltr'>illa</span> <span class='ocrx_word' id='word_1_40' title='bbox 1438 460 1573 501; x_wconf 90' lang='lat' dir='ltr'>verba</span> <span class='ocrx_word' id='word_1_41' title='bbox 1598 465 1787 508; x_wconf 81' lang='lat' dir='ltr'><strong>caneret,</strong></span> 
     </span>
     <span class='ocr_line' id='line_1_13' title="bbox 517 527 1292 582; baseline 0.004 -15"><span class='ocrx_word' id='word_1_42' title='bbox 517 527 744 581; x_wconf 81' lang='lat' dir='ltr'>relligione</span> <span class='ocrx_word' id='word_1_43' title='bbox 775 529 973 582; x_wconf 84' lang='lat' dir='ltr'>oppressi</span> <span class='ocrx_word' id='word_1_44' title='bbox 1005 529 1292 570; x_wconf 86' lang='lat' dir='ltr'>viderentur.&#39;&#39;</span> 
     </span>
    </p>

    <p class='ocr_par' dir='ltr' id='par_1_8' title="bbox 512 596 1791 1901">
     <span class='ocr_line' id='line_1_14' title="bbox 576 596 1789 652; baseline 0 -14"><span class='ocrx_word' id='word_1_45' title='bbox 576 596 721 650; x_wconf 78' lang='lat' dir='ltr'>Quale</span> <span class='ocrx_word' id='word_1_46' title='bbox 767 604 916 638; x_wconf 91' lang='lat' dir='ltr'>autem</span> <span class='ocrx_word' id='word_1_47' title='bbox 964 597 1020 638; x_wconf 92' lang='lat' dir='ltr'>ab</span> <span class='ocrx_word' id='word_1_48' title='bbox 1067 598 1194 638; x_wconf 89' lang='lat' dir='ltr'>initio</span> <span class='ocrx_word' id='word_1_49' title='bbox 1240 598 1466 652; x_wconf 87' lang='lat' dir='ltr'>proprium</span> <span class='ocrx_word' id='word_1_50' title='bbox 1509 597 1628 639; x_wconf 90' lang='lat' dir='ltr'>chori</span> <span class='ocrx_word' id='word_1_51' title='bbox 1674 603 1789 639; x_wconf 90' lang='lat' dir='ltr'>esset</span> 
     </span>
     <span class='ocr_line' id='line_1_15' title="bbox 516 666 1788 721; baseline 0 -14"><span class='ocrx_word' id='word_1_52' title='bbox 516 666 723 716; x_wconf 87' lang='lat' dir='ltr'>officium,</span> <span class='ocrx_word' id='word_1_53' title='bbox 749 667 925 720; x_wconf 86' lang='lat' dir='ltr'>plurimi</span> <span class='ocrx_word' id='word_1_54' title='bbox 955 681 1044 708; x_wconf 89' lang='lat' dir='ltr'>non</span> <span class='ocrx_word' id='word_1_55' title='bbox 1075 668 1169 708; x_wconf 90' lang='lat' dir='ltr'>sine</span> <span class='ocrx_word' id='word_1_56' title='bbox 1201 681 1364 721; x_wconf 83' lang='lat' dir='ltr'>magna</span> <span class='ocrx_word' id='word_1_57' title='bbox 1396 667 1670 708; x_wconf 83' lang='lat' dir='ltr'>dissensione</span> <span class='ocrx_word' id='word_1_58' title='bbox 1699 667 1788 707; x_wconf 91' lang='lat' dir='ltr'>iam</span> 
     </span>
     <span class='ocr_line' id='line_1_16' title="bbox 516 736 1790 790; baseline -0.001 -13"><span class='ocrx_word' id='word_1_59' title='bbox 516 736 882 790; x_wconf 83' lang='lat' dir='ltr'>disceptaverunt.</span> <span class='ocrx_word' id='word_1_60' title='bbox 954 736 1095 790; x_wconf 88' lang='lat' dir='ltr'>Apud</span> <span class='ocrx_word' id='word_1_61' title='bbox 1135 736 1412 790; x_wconf 90' lang='lat' dir='ltr'>Aeschylum</span> <span class='ocrx_word' id='word_1_62' title='bbox 1449 750 1554 778; x_wconf 87' lang='lat' dir='ltr'>sane</span> <span class='ocrx_word' id='word_1_63' title='bbox 1585 749 1790 777; x_wconf 92' lang='lat' dir='ltr'>nonnun-</span> 
     </span>
     <span class='ocr_line' id='line_1_17' title="bbox 516 806 1789 860; baseline -0.001 -14"><span class='ocrx_word' id='word_1_64' title='bbox 516 819 662 858; x_wconf 90' lang='lat' dir='ltr'>quam,</span> <span class='ocrx_word' id='word_1_65' title='bbox 714 812 762 846; x_wconf 90' lang='lat' dir='ltr'>ut</span> <span class='ocrx_word' id='word_1_66' title='bbox 813 806 857 846; x_wconf 90' lang='lat' dir='ltr'>in</span> <span class='ocrx_word' id='word_1_67' title='bbox 910 806 1052 846; x_wconf 87' lang='lat' dir='ltr'>Persis</span> <span class='ocrx_word' id='word_1_68' title='bbox 1089 812 1133 847; x_wconf 94' lang='lat' dir='ltr'>et</span> <span class='ocrx_word' id='word_1_69' title='bbox 1171 806 1467 859; x_wconf 91' lang='lat' dir='ltr'>Supplicibus‚</span> <span class='ocrx_word' id='word_1_70' title='bbox 1507 806 1577 847; x_wconf 92' lang='lat' dir='ltr'>vel</span> <span class='ocrx_word' id='word_1_71' title='bbox 1622 806 1789 860; x_wconf 87' lang='lat' dir='ltr'>primas</span> 
     </span>
     <span class='ocr_line' id='line_1_18' title="bbox 517 874 1787 929; baseline 0.001 -14"><span class='ocrx_word' id='word_1_72' title='bbox 517 875 608 927; x_wconf 77' lang='lat' dir='ltr'>agit</span> <span class='ocrx_word' id='word_1_73' title='bbox 630 874 799 924; x_wconf 81' lang='lat' dir='ltr'>chorus,</span> <span class='ocrx_word' id='word_1_74' title='bbox 821 875 877 915; x_wconf 94' lang='lat' dir='ltr'>de</span> <span class='ocrx_word' id='word_1_75' title='bbox 900 875 1021 916; x_wconf 89' lang='lat' dir='ltr'>chori</span> <span class='ocrx_word' id='word_1_76' title='bbox 1043 881 1217 916; x_wconf 91' lang='lat' dir='ltr'>tantum</span> <span class='ocrx_word' id='word_1_77' title='bbox 1240 875 1418 916; x_wconf 84' lang='lat' dir='ltr'>fortuna</span> <span class='ocrx_word' id='word_1_78' title='bbox 1439 876 1592 929; x_wconf 82' lang='lat' dir='ltr'>agitur.</span> <span class='ocrx_word' id='word_1_79' title='bbox 1649 874 1787 928; x_wconf 90' lang='lat' dir='ltr'>Apud</span> 
     </span>
     <span class='ocr_line' id='line_1_19' title="bbox 517 943 1790 1000; baseline 0 -15"><span class='ocrx_word' id='word_1_80' title='bbox 517 943 786 998; x_wconf 88' lang='lat' dir='ltr'>Sophoclem</span> <span class='ocrx_word' id='word_1_81' title='bbox 824 950 977 985; x_wconf 89' lang='lat' dir='ltr'>contra</span> <span class='ocrx_word' id='word_1_82' title='bbox 1013 943 1382 1000; x_wconf 79' lang='grc' dir='ltr'>πρωταγωνιστὴς</span> <span class='ocrx_word' id='word_1_83' title='bbox 1419 947 1484 996; x_wconf 93' lang='lat' dir='ltr'>(ut</span> <span class='ocrx_word' id='word_1_84' title='bbox 1520 945 1583 985; x_wconf 90' lang='lat' dir='ltr'>ita</span> <span class='ocrx_word' id='word_1_85' title='bbox 1620 944 1790 986; x_wconf 79' lang='lat' dir='ltr'>Graece</span> 
     </span>
     <span class='ocr_line' id='line_1_20' title="bbox 516 1013 1789 1067; baseline 0 -13"><span class='ocrx_word' id='word_1_86' title='bbox 516 1013 690 1067; x_wconf 89' lang='lat' dir='ltr'>loquar)</span> <span class='ocrx_word' id='word_1_87' title='bbox 740 1027 960 1067; x_wconf 86' lang='lat' dir='ltr'>nusquam</span> <span class='ocrx_word' id='word_1_88' title='bbox 1011 1020 1078 1054; x_wconf 94' lang='lat' dir='ltr'>est</span> <span class='ocrx_word' id='word_1_89' title='bbox 1127 1015 1297 1063; x_wconf 89' lang='lat' dir='ltr'>chorus,</span> <span class='ocrx_word' id='word_1_90' title='bbox 1340 1028 1394 1055; x_wconf 90' lang='lat' dir='ltr'>ne</span> <span class='ocrx_word' id='word_1_91' title='bbox 1446 1015 1488 1055; x_wconf 90' lang='lat' dir='ltr'>in</span> <span class='ocrx_word' id='word_1_92' title='bbox 1539 1014 1789 1055; x_wconf 82' lang='lat' dir='ltr'>Trachiniis</span> 
     </span>
     <span class='ocr_line' id='line_1_21' title="bbox 516 1083 1791 1136; baseline 0.001 -13"><span class='ocrx_word' id='word_1_93' title='bbox 516 1083 696 1136; x_wconf 91' lang='lat' dir='ltr'>quidem</span> <span class='ocrx_word' id='word_1_94' title='bbox 734 1084 802 1124; x_wconf 91' lang='lat' dir='ltr'>cui</span> <span class='ocrx_word' id='word_1_95' title='bbox 841 1084 1017 1124; x_wconf 87' lang='lat' dir='ltr'>fabulae</span> <span class='ocrx_word' id='word_1_96' title='bbox 1059 1097 1222 1124; x_wconf 92' lang='lat' dir='ltr'>nomen</span> <span class='ocrx_word' id='word_1_97' title='bbox 1259 1098 1282 1125; x_wconf 88' lang='lat' dir='ltr'>e</span> <span class='ocrx_word' id='word_1_98' title='bbox 1324 1084 1468 1125; x_wconf 91' lang='lat' dir='ltr'>choro.</span> <span class='ocrx_word' id='word_1_99' title='bbox 1548 1083 1594 1124; x_wconf 92' lang='lat' dir='ltr'>A</span> <span class='ocrx_word' id='word_1_100' title='bbox 1634 1084 1791 1125; x_wconf 89' lang='lat' dir='ltr'>ceteris</span> 
     </span>
     <span class='ocr_line' id='line_1_22' title="bbox 515 1153 1790 1207; baseline 0 -14"><span class='ocrx_word' id='word_1_101' title='bbox 515 1158 664 1194; x_wconf 91' lang='lat' dir='ltr'>tamen</span> <span class='ocrx_word' id='word_1_102' title='bbox 696 1153 920 1194; x_wconf 90' lang='lat' dir='ltr'>actoribus</span> <span class='ocrx_word' id='word_1_103' title='bbox 947 1154 1146 1194; x_wconf 91' lang='lat' dir='ltr'>nondum</span> <span class='ocrx_word' id='word_1_104' title='bbox 1177 1153 1245 1202; x_wconf 80' lang='lat' dir='ltr'>(ut</span> <span class='ocrx_word' id='word_1_105' title='bbox 1274 1167 1487 1207; x_wconf 89' lang='lat' dir='ltr'>persaepe</span> <span class='ocrx_word' id='word_1_106' title='bbox 1515 1154 1633 1207; x_wconf 90' lang='lat' dir='ltr'>apud</span> <span class='ocrx_word' id='word_1_107' title='bbox 1664 1153 1790 1194; x_wconf 90' lang='lat' dir='ltr'>Euri-</span> 
     </span>
     <span class='ocr_line' id='line_1_23' title="bbox 514 1222 1791 1277; baseline 0 -14"><span class='ocrx_word' id='word_1_108' title='bbox 514 1222 683 1277; x_wconf 89' lang='lat' dir='ltr'>pidem)</span> <span class='ocrx_word' id='word_1_109' title='bbox 712 1223 987 1272; x_wconf 89' lang='lat' dir='ltr'>dissociatus,</span> <span class='ocrx_word' id='word_1_110' title='bbox 1014 1223 1159 1263; x_wconf 91' lang='lat' dir='ltr'>adhuc</span> <span class='ocrx_word' id='word_1_111' title='bbox 1186 1223 1304 1277; x_wconf 91' lang='lat' dir='ltr'>apud</span> <span class='ocrx_word' id='word_1_112' title='bbox 1336 1223 1606 1276; x_wconf 86' lang='lat' dir='ltr'>Sophoclem</span> <span class='ocrx_word' id='word_1_113' title='bbox 1636 1222 1791 1264; x_wconf 90' lang='lat' dir='ltr'>crebro</span> 
     </span>
     <span class='ocr_line' id='line_1_24' title="bbox 513 1292 1790 1346; baseline 0 -13"><span class='ocrx_word' id='word_1_114' title='bbox 513 1292 634 1333; x_wconf 89' lang='lat' dir='ltr'>velut</span> <span class='ocrx_word' id='word_1_115' title='bbox 684 1292 798 1333; x_wconf 88' lang='lat' dir='ltr'>inter</span> <span class='ocrx_word' id='word_1_116' title='bbox 843 1298 1013 1333; x_wconf 90' lang='lat' dir='ltr'>actores</span> <span class='ocrx_word' id='word_1_117' title='bbox 1057 1298 1181 1333; x_wconf 92' lang='lat' dir='ltr'>actor</span> <span class='ocrx_word' id='word_1_118' title='bbox 1224 1298 1424 1346; x_wconf 85' lang='lat' dir='ltr'>apparet.</span> <span class='ocrx_word' id='word_1_119' title='bbox 1500 1292 1790 1343; x_wconf 84' lang='lat' dir='ltr'>Mementote,</span> 
     </span>
     <span class='ocr_line' id='line_1_25' title="bbox 514 1361 1789 1415; baseline 0.001 -13"><span class='ocrx_word' id='word_1_120' title='bbox 514 1375 690 1414; x_wconf 86' lang='lat' dir='ltr'>quaeso,</span> <span class='ocrx_word' id='word_1_121' title='bbox 714 1361 848 1403; x_wconf 89' lang='lat' dir='ltr'>verba</span> <span class='ocrx_word' id='word_1_122' title='bbox 873 1361 1131 1403; x_wconf 89' lang='lat' dir='ltr'>Aristotelis</span> <span class='ocrx_word' id='word_1_123' title='bbox 1159 1362 1418 1415; x_wconf 89' lang='lat' dir='ltr'>Euripidem</span> <span class='ocrx_word' id='word_1_124' title='bbox 1441 1376 1540 1402; x_wconf 90' lang='lat' dir='ltr'>cum</span> <span class='ocrx_word' id='word_1_125' title='bbox 1566 1362 1789 1415; x_wconf 86' lang='lat' dir='ltr'>Sophocle</span> 
     </span>
     <span class='ocr_line' id='line_1_26' title="bbox 515 1428 1788 1486; baseline 0.003 -16"><span class='ocrx_word' id='word_1_126' title='bbox 515 1431 815 1484; x_wconf 79' lang='lat' dir='ltr'>comparantis</span> <span class='ocrx_word' id='word_1_127' title='bbox 837 1445 844 1472; x_wconf 73' lang='grc' dir='ltr'>ἱ</span> <span class='ocrx_word' id='word_1_128' title='bbox 876 1428 956 1474; x_wconf 80' lang='grc' dir='ltr'>τὸν</span> <span class='ocrx_word' id='word_1_129' title='bbox 980 1428 1118 1486; x_wconf 79' lang='grc' dir='ltr'>χορὸν</span> <span class='ocrx_word' id='word_1_130' title='bbox 1143 1429 1212 1474; x_wconf 77' lang='grc' dir='ltr'>ἕνα</span> <span class='ocrx_word' id='word_1_131' title='bbox 1239 1432 1300 1473; x_wconf 74' lang='grc' dir='ltr'>δεῖ</span> <span class='ocrx_word' id='word_1_132' title='bbox 1321 1430 1558 1486; x_wconf 76' lang='grc' dir='ltr'>ὑπολαβεῖν</span> <span class='ocrx_word' id='word_1_133' title='bbox 1582 1433 1666 1475; x_wconf 81' lang='grc' dir='ltr'>τῶν</span> <span class='ocrx_word' id='word_1_134' title='bbox 1686 1431 1788 1474; x_wconf 81' lang='grc' dir='ltr'>ὑπο-</span> 
     </span>
     <span class='ocr_line' id='line_1_27' title="bbox 512 1498 1787 1556; baseline 0.001 -13"><span class='ocrx_word' id='word_1_135' title='bbox 512 1502 668 1556; x_wconf 80' lang='grc' dir='ltr'>κριτῶν</span> <span class='ocrx_word' id='word_1_136' title='bbox 695 1498 760 1543; x_wconf 74' lang='grc' dir='ltr'><em>καῖ</em></span> <span class='ocrx_word' id='word_1_137' title='bbox 788 1498 939 1555; x_wconf 84' lang='grc' dir='ltr'>μόριον</span> <span class='ocrx_word' id='word_1_138' title='bbox 970 1498 1069 1543; x_wconf 70' lang='grc' dir='ltr'>εἶναι</span> <span class='ocrx_word' id='word_1_139' title='bbox 1094 1503 1174 1544; x_wconf 77' lang='grc' dir='ltr'>τοῦ</span> <span class='ocrx_word' id='word_1_140' title='bbox 1202 1499 1312 1544; x_wconf 79' lang='grc' dir='ltr'>ὅλου</span> <span class='ocrx_word' id='word_1_141' title='bbox 1338 1499 1404 1543; x_wconf 73' lang='grc' dir='ltr'>καὶ</span> <span class='ocrx_word' id='word_1_142' title='bbox 1432 1499 1787 1556; x_wconf 76' lang='grc' dir='ltr'>συναγωνίζεσθαι</span> 
     </span>
     <span class='ocr_line' id='line_1_28' title="bbox 513 1567 1788 1625; baseline 0.001 -13"><span class='ocrx_word' id='word_1_143' title='bbox 513 1568 569 1622; x_wconf 79' lang='grc' dir='ltr'>μὴ</span> <span class='ocrx_word' id='word_1_144' title='bbox 589 1567 738 1624; x_wconf 77' lang='grc' dir='ltr'><em>ὥσπερ</em></span> <span class='ocrx_word' id='word_1_145' title='bbox 761 1567 865 1625; x_wconf 77' lang='grc' dir='ltr'>παρ’</span> <span class='ocrx_word' id='word_1_146' title='bbox 887 1568 1092 1625; x_wconf 72' lang='grc' dir='ltr'>Εὐριπίδῃ</span> <span class='ocrx_word' id='word_1_147' title='bbox 1112 1569 1213 1613; x_wconf 74' lang='grc' dir='ltr'>ἀλλ’</span> <span class='ocrx_word' id='word_1_148' title='bbox 1228 1567 1377 1625; x_wconf 72' lang='grc' dir='ltr'>ὥσπερ</span> <span class='ocrx_word' id='word_1_149' title='bbox 1400 1567 1519 1624; x_wconf 80' lang='grc' dir='ltr'>παρὰ</span> <span class='ocrx_word' id='word_1_150' title='bbox 1541 1569 1788 1625; x_wconf 79' lang='grc' dir='ltr'>Σοφοκλεῖ.1</span> 
     </span>
     <span class='ocr_line' id='line_1_29' title="bbox 516 1639 1786 1693; baseline -0.001 -13"><span class='ocrx_word' id='word_1_151' title='bbox 516 1639 605 1681; x_wconf 90' lang='lat' dir='ltr'>Sed</span> <span class='ocrx_word' id='word_1_152' title='bbox 635 1640 677 1679; x_wconf 87' lang='lat' dir='ltr'>in</span> <span class='ocrx_word' id='word_1_153' title='bbox 704 1639 927 1680; x_wconf 86' lang='lat' dir='ltr'>orchestra</span> <span class='ocrx_word' id='word_1_154' title='bbox 953 1639 1111 1680; x_wconf 90' lang='lat' dir='ltr'>chorus</span> <span class='ocrx_word' id='word_1_155' title='bbox 1142 1640 1250 1692; x_wconf 87' lang='lat' dir='ltr'>(non</span> <span class='ocrx_word' id='word_1_156' title='bbox 1277 1640 1390 1679; x_wconf 91' lang='lat' dir='ltr'>inter</span> <span class='ocrx_word' id='word_1_157' title='bbox 1416 1645 1584 1680; x_wconf 88' lang='lat' dir='ltr'>ceteros</span> <span class='ocrx_word' id='word_1_158' title='bbox 1616 1640 1659 1679; x_wconf 90' lang='lat' dir='ltr'>in</span> <span class='ocrx_word' id='word_1_159' title='bbox 1692 1640 1786 1693; x_wconf 87' lang='lat' dir='ltr'>ipsa</span> 
     </span>
     <span class='ocr_line' id='line_1_30' title="bbox 513 1708 1787 1761; baseline 0.001 -13"><span class='ocrx_word' id='word_1_160' title='bbox 513 1708 660 1759; x_wconf 91' lang='lat' dir='ltr'>scena)</span> <span class='ocrx_word' id='word_1_161' title='bbox 703 1708 963 1761; x_wconf 87' lang='lat' dir='ltr'>plerumque</span> <span class='ocrx_word' id='word_1_162' title='bbox 1005 1709 1176 1761; x_wconf 90' lang='lat' dir='ltr'>positus</span> <span class='ocrx_word' id='word_1_163' title='bbox 1217 1708 1395 1749; x_wconf 87' lang='lat' dir='ltr'>fabulae</span> <span class='ocrx_word' id='word_1_164' title='bbox 1437 1715 1621 1749; x_wconf 90' lang='lat' dir='ltr'>eventus</span> <span class='ocrx_word' id='word_1_165' title='bbox 1662 1709 1787 1761; x_wconf 90' lang='lat' dir='ltr'>quasi</span> 
     </span>
     <span class='ocr_line' id='line_1_31' title="bbox 514 1777 1786 1831; baseline 0.001 -13"><span class='ocrx_word' id='word_1_166' title='bbox 514 1783 739 1831; x_wconf 89' lang='lat' dir='ltr'>spectator</span> <span class='ocrx_word' id='word_1_167' title='bbox 770 1778 945 1831; x_wconf 90' lang='lat' dir='ltr'>saepius</span> <span class='ocrx_word' id='word_1_168' title='bbox 976 1778 1240 1818; x_wconf 87' lang='lat' dir='ltr'>intuebatur.</span> <span class='ocrx_word' id='word_1_169' title='bbox 1302 1777 1446 1818; x_wconf 92' lang='lat' dir='ltr'>Actor</span> <span class='ocrx_word' id='word_1_170' title='bbox 1482 1778 1614 1831; x_wconf 82' lang='lat' dir='ltr'>igitur</span> <span class='ocrx_word' id='word_1_171' title='bbox 1650 1779 1786 1819; x_wconf 90' lang='lat' dir='ltr'>idem-</span> 
     </span>
     <span class='ocr_line' id='line_1_32' title="bbox 514 1846 1688 1901; baseline 0.001 -13"><span class='ocrx_word' id='word_1_172' title='bbox 514 1861 601 1901; x_wconf 89' lang='lat' dir='ltr'>que</span> <span class='ocrx_word' id='word_1_173' title='bbox 631 1852 856 1900; x_wconf 89' lang='lat' dir='ltr'>spectator</span> <span class='ocrx_word' id='word_1_174' title='bbox 886 1847 978 1888; x_wconf 88' lang='lat' dir='ltr'>fuit.</span> <span class='ocrx_word' id='word_1_175' title='bbox 1042 1846 1161 1900; x_wconf 74' lang='lat' dir='ltr'>Quid</span> <span class='ocrx_word' id='word_1_176' title='bbox 1194 1847 1311 1887; x_wconf 92' lang='lat' dir='ltr'>enim</span> <span class='ocrx_word' id='word_1_177' title='bbox 1345 1848 1406 1888; x_wconf 91' lang='lat' dir='ltr'>ait</span> <span class='ocrx_word' id='word_1_178' title='bbox 1440 1848 1688 1889; x_wconf 90' lang='lat' dir='ltr'>Horatius?</span> 
     </span>
    </p>
   </div>
   <div class='ocr_carea' id='block_1_8' title="bbox 621 1920 1704 2083">
    <p class='ocr_par' dir='ltr' id='par_1_9' title="bbox 621 1920 1704 2083">
     <span class='ocr_line' id='line_1_33' title="bbox 621 1920 1508 1966; baseline 0 -11"><span class='ocrx_word' id='word_1_179' title='bbox 621 1920 803 1955; x_wconf 89' lang='lat' dir='ltr'>“Actoris</span> <span class='ocrx_word' id='word_1_180' title='bbox 828 1927 954 1966; x_wconf 85' lang='lat' dir='ltr'>partes</span> <span class='ocrx_word' id='word_1_181' title='bbox 980 1921 1115 1955; x_wconf 87' lang='lat' dir='ltr'>chorus</span> <span class='ocrx_word' id='word_1_182' title='bbox 1141 1921 1379 1966; x_wconf 86' lang='lat' dir='ltr'>officiumque</span> <span class='ocrx_word' id='word_1_183' title='bbox 1403 1921 1508 1956; x_wconf 91' lang='lat' dir='ltr'>virile</span> 
     </span>
     <span class='ocr_line' id='line_1_34' title="bbox 657 1979 1595 2025; baseline 0.001 -12"><span class='ocrx_word' id='word_1_184' title='bbox 657 1979 854 2022; x_wconf 88' lang='lat' dir='ltr'>Defendat,</span> <span class='ocrx_word' id='word_1_185' title='bbox 881 1990 952 2014; x_wconf 89' lang='lat' dir='ltr'>neu</span> <span class='ocrx_word' id='word_1_186' title='bbox 978 1979 1068 2025; x_wconf 91' lang='lat' dir='ltr'>quid</span> <span class='ocrx_word' id='word_1_187' title='bbox 1097 1980 1241 2014; x_wconf 89' lang='lat' dir='ltr'>medios</span> <span class='ocrx_word' id='word_1_188' title='bbox 1268 1980 1465 2014; x_wconf 87' lang='lat' dir='ltr'>intercinat</span> <span class='ocrx_word' id='word_1_189' title='bbox 1490 1986 1595 2015; x_wconf 87' lang='lat' dir='ltr'>actus</span> 
     </span>
     <span class='ocr_line' id='line_1_35' title="bbox 657 2037 1704 2083; baseline 0.002 -12"><span class='ocrx_word' id='word_1_190' title='bbox 657 2037 767 2081; x_wconf 77' lang='lat' dir='ltr'>Quod</span> <span class='ocrx_word' id='word_1_191' title='bbox 792 2049 867 2071; x_wconf 93' lang='lat' dir='ltr'>non</span> <span class='ocrx_word' id='word_1_192' title='bbox 893 2038 1084 2082; x_wconf 89' lang='lat' dir='ltr'>proposito</span> <span class='ocrx_word' id='word_1_193' title='bbox 1110 2038 1295 2072; x_wconf 86' lang='lat' dir='ltr'>conducat</span> <span class='ocrx_word' id='word_1_194' title='bbox 1320 2045 1356 2073; x_wconf 90' lang='lat' dir='ltr'>et</span> <span class='ocrx_word' id='word_1_195' title='bbox 1385 2038 1536 2073; x_wconf 83' lang='lat' dir='ltr'>haereat</span> <span class='ocrx_word' id='word_1_196' title='bbox 1561 2038 1704 2083; x_wconf 81' lang='lat' dir='ltr'>apte.”2</span> 
     </span>
    </p>
   </div>
   <div class='ocr_carea' id='block_1_9' title="bbox 514 2101 1786 2502">
    <p class='ocr_par' dir='ltr' id='par_1_10' title="bbox 514 2101 1786 2502">
     <span class='ocr_line' id='line_1_36' title="bbox 516 2101 1782 2156; baseline 0.001 -13"><span class='ocrx_word' id='word_1_197' title='bbox 516 2101 649 2144; x_wconf 91' lang='lat' dir='ltr'>Chori</span> <span class='ocrx_word' id='word_1_198' title='bbox 682 2115 786 2155; x_wconf 80' lang='lat' dir='ltr'>ergo</span> <span class='ocrx_word' id='word_1_199' title='bbox 814 2107 908 2142; x_wconf 91' lang='lat' dir='ltr'>erat</span> <span class='ocrx_word' id='word_1_200' title='bbox 941 2102 1053 2142; x_wconf 92' lang='lat' dir='ltr'>inter</span> <span class='ocrx_word' id='word_1_201' title='bbox 1084 2102 1260 2143; x_wconf 84' lang='lat' dir='ltr'>fabulae</span> <span class='ocrx_word' id='word_1_202' title='bbox 1291 2101 1459 2143; x_wconf 89' lang='lat' dir='ltr'>‘actus&#39;</span> <span class='ocrx_word' id='word_1_203' title='bbox 1492 2103 1559 2156; x_wconf 91' lang='lat' dir='ltr'>(ut</span> <span class='ocrx_word' id='word_1_204' title='bbox 1591 2103 1652 2143; x_wconf 90' lang='lat' dir='ltr'>ita</span> <span class='ocrx_word' id='word_1_205' title='bbox 1684 2117 1782 2144; x_wconf 90' lang='lat' dir='ltr'>cum</span> 
     </span>
     <span class='ocr_line' id='line_1_37' title="bbox 518 2170 1784 2226; baseline 0.003 -16"><span class='ocrx_word' id='word_1_206' title='bbox 518 2171 707 2212; x_wconf 89' lang='lat' dir='ltr'>Horatio</span> <span class='ocrx_word' id='word_1_207' title='bbox 748 2170 914 2223; x_wconf 92' lang='lat' dir='ltr'>dicam)</span> <span class='ocrx_word' id='word_1_208' title='bbox 956 2171 1238 2212; x_wconf 88' lang='lat' dir='ltr'>audientibus</span> <span class='ocrx_word' id='word_1_209' title='bbox 1275 2172 1318 2211; x_wconf 91' lang='lat' dir='ltr'>in</span> <span class='ocrx_word' id='word_1_210' title='bbox 1361 2173 1618 2212; x_wconf 88' lang='lat' dir='ltr'>memoriam</span> <span class='ocrx_word' id='word_1_211' title='bbox 1660 2187 1784 2226; x_wconf 89' lang='lat' dir='ltr'>prae-</span> 
     </span>
     <span class='ocr_line' id='line_1_38' title="bbox 514 2242 1780 2295; baseline 0.001 -12"><span class='ocrx_word' id='word_1_212' title='bbox 514 2243 646 2283; x_wconf 89' lang='lat' dir='ltr'>terita</span> <span class='ocrx_word' id='word_1_213' title='bbox 671 2242 881 2295; x_wconf 80' lang='lat' dir='ltr'>redigere,</span> <span class='ocrx_word' id='word_1_214' title='bbox 903 2255 990 2294; x_wconf 92' lang='lat' dir='ltr'>quo</span> <span class='ocrx_word' id='word_1_215' title='bbox 1014 2242 1170 2282; x_wconf 89' lang='lat' dir='ltr'>melius</span> <span class='ocrx_word' id='word_1_216' title='bbox 1192 2243 1310 2283; x_wconf 93' lang='lat' dir='ltr'>unde</span> <span class='ocrx_word' id='word_1_217' title='bbox 1333 2243 1388 2283; x_wconf 88' lang='lat' dir='ltr'>ad</span> <span class='ocrx_word' id='word_1_218' title='bbox 1415 2243 1552 2284; x_wconf 92' lang='lat' dir='ltr'>talem</span> <span class='ocrx_word' id='word_1_219' title='bbox 1575 2250 1780 2285; x_wconf 88' lang='lat' dir='ltr'>eventum</span> 
     </span>
     <span class='ocr_line' id='line_1_39' title="bbox 514 2311 1786 2366; baseline 0.002 -15"><span class='ocrx_word' id='word_1_220' title='bbox 514 2325 582 2352; x_wconf 92' lang='lat' dir='ltr'>res</span> <span class='ocrx_word' id='word_1_221' title='bbox 608 2317 724 2352; x_wconf 90' lang='lat' dir='ltr'>esset</span> <span class='ocrx_word' id='word_1_222' title='bbox 752 2311 930 2352; x_wconf 88' lang='lat' dir='ltr'>redacta</span> <span class='ocrx_word' id='word_1_223' title='bbox 956 2318 1284 2364; x_wconf 81' lang='lat' dir='ltr'>cognoscerent.</span> <span class='ocrx_word' id='word_1_224' title='bbox 1347 2312 1523 2353; x_wconf 89' lang='lat' dir='ltr'>Deinde</span> <span class='ocrx_word' id='word_1_225' title='bbox 1548 2326 1786 2366; x_wconf 84' lang='lat' dir='ltr'>exponere,</span> 
     </span>
     <span class='ocr_line' id='line_1_40' title="bbox 514 2380 1785 2435; baseline 0.002 -15"><span class='ocrx_word' id='word_1_226' title='bbox 514 2380 619 2433; x_wconf 90' lang='lat' dir='ltr'>quid</span> <span class='ocrx_word' id='word_1_227' title='bbox 655 2380 869 2428; x_wconf 91' lang='lat' dir='ltr'>homines,</span> <span class='ocrx_word' id='word_1_228' title='bbox 902 2380 1172 2420; x_wconf 88' lang='lat' dir='ltr'>conscientia</span> <span class='ocrx_word' id='word_1_229' title='bbox 1209 2381 1364 2421; x_wconf 88' lang='lat' dir='ltr'>intima</span> <span class='ocrx_word' id='word_1_230' title='bbox 1396 2387 1440 2422; x_wconf 92' lang='lat' dir='ltr'>et</span> <span class='ocrx_word' id='word_1_231' title='bbox 1473 2382 1597 2435; x_wconf 86' lang='lat' dir='ltr'>quasi</span> <span class='ocrx_word' id='word_1_232' title='bbox 1634 2382 1785 2423; x_wconf 88' lang='lat' dir='ltr'>divina</span> 
     </span>
     <span class='ocr_line' id='line_1_41' title="bbox 514 2448 1781 2502; baseline 0.002 -13"><span class='ocrx_word' id='word_1_233' title='bbox 514 2449 704 2502; x_wconf 89' lang='lat' dir='ltr'>impulsi,</span> <span class='ocrx_word' id='word_1_234' title='bbox 726 2449 782 2490; x_wconf 90' lang='lat' dir='ltr'>de</span> <span class='ocrx_word' id='word_1_235' title='bbox 814 2448 963 2489; x_wconf 87' lang='lat' dir='ltr'>fabula</span> <span class='ocrx_word' id='word_1_236' title='bbox 995 2450 1155 2490; x_wconf 90' lang='lat' dir='ltr'>sentire</span> <span class='ocrx_word' id='word_1_237' title='bbox 1187 2450 1411 2492; x_wconf 87' lang='lat' dir='ltr'>deberent.</span> <span class='ocrx_word' id='word_1_238' title='bbox 1474 2452 1636 2492; x_wconf 90' lang='lat' dir='ltr'>Nonne</span> <span class='ocrx_word' id='word_1_239' title='bbox 1665 2452 1781 2492; x_wconf 91' lang='lat' dir='ltr'>enim</span> 
     </span>
    </p>
   </div>
   <div class='ocr_carea' id='block_1_10' title="bbox 772 2558 1448 2656">
    <p class='ocr_par' dir='ltr' id='par_1_11' title="bbox 772 2558 1448 2656">
     <span class='ocr_line' id='line_1_42' title="bbox 772 2558 1448 2602; baseline 0.004 -12"><span class='ocrx_word' id='word_1_240' title='bbox 772 2558 782 2577; x_wconf 82' lang='lat'>¹</span> <span class='ocrx_word' id='word_1_241' title='bbox 800 2559 937 2592; x_wconf 81' lang='lat' dir='ltr'>Aristot.</span> <span class='ocrx_word' id='word_1_242' title='bbox 958 2561 1041 2591; x_wconf 75' lang='lat' dir='ltr'><em>Poet.</em></span> <span class='ocrx_word' id='word_1_243' title='bbox 1062 2560 1167 2598; x_wconf 81' lang='lat' dir='ltr'>xviii.,</span> <span class='ocrx_word' id='word_1_244' title='bbox 1186 2561 1201 2598; x_wconf 66' lang='grc' dir='ltr'>ξ</span> <span class='ocrx_word' id='word_1_245' title='bbox 1219 2566 1249 2599; x_wconf 92' lang='grc'>7,</span> <span class='ocrx_word' id='word_1_246' title='bbox 1268 2572 1299 2602; x_wconf 89' lang='lat' dir='ltr'>p.</span> <span class='ocrx_word' id='word_1_247' title='bbox 1325 2561 1405 2602; x_wconf 81' lang='lat'><strong>1456</strong></span> <span class='ocrx_word' id='word_1_248' title='bbox 1417 2570 1448 2593; x_wconf 82' lang='lat' dir='ltr'>A.</span> 
     </span>
     <span class='ocr_line' id='line_1_43' title="bbox 772 2613 1248 2656; baseline 0.004 -12"><span class='ocrx_word' id='word_1_249' title='bbox 772 2613 785 2632; x_wconf 77' lang='lat'>‘2</span> <span class='ocrx_word' id='word_1_250' title='bbox 803 2615 886 2645; x_wconf 86' lang='lat' dir='ltr'>Hor.</span> <span class='ocrx_word' id='word_1_251' title='bbox 906 2615 975 2645; x_wconf 74' lang='lat' dir='ltr'>Ars</span> <span class='ocrx_word' id='word_1_252' title='bbox 992 2615 1075 2646; x_wconf 74' lang='lat' dir='ltr'><em>Poet.</em></span> <span class='ocrx_word' id='word_1_253' title='bbox 1099 2621 1248 2656; x_wconf 84' lang='lat'>193-195.</span> 
     </span>
    </p>
   </div>
  </div>
 </body>
</html>
