2013 3328
519 309 569 357 96
781 306 1061 339 SOPHOCLES
1093 307 1195 338 AND
1227 307 1522 340 SHAKSPERE.
1634 308 1788 348 111.(13)

517 415 669 457 fabula
712 415 981 470 Sophoclem
1034 416 1293 457 sustinuisse
1344 430 1424 457 nos
1469 417 1626 458 saltem
1677 417 1792 458 arbi-

517 491 696 526 tramur.
754 485 849 526 Nec
870 485 1184 538 imprudenter,
1208 486 1373 540 quippe
1394 499 1493 527 cum
1518 486 1695 528 oracula
1717 486 1791 527 illa

517 560 561 595 et
591 555 832 608 praedicta,
855 554 911 595 de
945 554 1150 595 Herculis
1182 555 1307 595 exitu
1340 554 1445 595 olim
1477 556 1718 604 enuntiata,
1744 556 1787 595 in

517 630 690 665 mentes
721 624 997 664 audientium
1029 637 1169 676 usque
1200 624 1256 664 ab
1289 624 1415 665 initio
1444 625 1700 678 tragoediae
1730 626 1787 666 ad

516 693 648 733 finem
666 706 880 747 persaepe
898 692 1146 746 Sophocles
1163 693 1225 733 ita
1247 693 1475 743 revocarit,
1489 699 1538 734 ut
1554 694 1786 735 Unitatem

516 763 742 816 quandam
780 762 988 803 Actionis
1025 762 1120 803 sine
1157 762 1293 803 dubio
1324 763 1386 803 sic
1424 769 1685 804 consecutus
1721 764 1787 804 sit.

518 832 843 881 Remrdamini,
865 845 1043 885 quaeso,
1064 837 1233 885 quanta
1259 831 1500 885 relligionis
1527 833 1568 872 vi
1596 833 1788 873 attonita

515 901 715 942 tabulam
738 901 860 941 illam
887 901 1075 942 oraculis
1102 901 1298 949 incisam,
1322 907 1366 941 et
1387 901 1444 941 ab
1470 902 1567 954 ipso
1593 901 1787 942 Hercule

514 970 784 1023 iamiamque
820 970 863 1010 in
901 969 1099 1011 laborem
1133 977 1385 1011 extremum
1417 970 1668 1023 profecturo
1699 976 1786 1011 tra-

513 1039 667 1088 ditam,
684 1039 941 1093 tragoediae
962 1039 1033 1080 vel
1055 1039 1181 1080 initio
1203 1045 1525 1080 commemoret
1548 1039 1788 1080 Deianira.l

515 1109 611 1150 Nec
640 1109 780 1150 multo
810 1113 923 1162 post,
944 1108 1019 1149 ubi
1052 1108 1267 1149 Hercules
1298 1108 1530 1149 Euboeam
1557 1109 1785 1149 invasurus

513 1191 610 1219 esse
631 1178 870 1229 nuntiatur,
887 1177 996 1219 haec
1017 1177 1114 1231 ipsa
1136 1177 1313 1218 oracula
1333 1177 1475 1231 Hyllo
1498 1178 1558 1218 sic
1580 1179 1789 1232 exponit:

679 1284 697 1299 Φ
723 1284 731 1300 '
786 1284 802 1299 Ὦ
934 1286 951 1295 Α
978 1284 986 1300 7
1036 1285 1054 1301 ᾧ
1118 1285 1128 1298 Ι
1270 1284 1279 1297 ζ
1337 1284 1351 1297 ΙΙ
1451 1284 1461 1297 V

674 1301 721 1335 αρ
761 1284 878 1323 οισθα
906 1285 997 1335 δητ,
1030 1302 1056 1322 ω
1084 1301 1228 1332 τεκνον,
1260 1301 1306 1325 ως
1334 1285 1461 1322 ελειπε
1489 1301 1554 1335 μοι

672 1353 830 1401 μαντεῖα
858 1351 980 1389 πιστὰ
1008 1351 1125 1401 τῆσδε
1152 1351 1220 1401 τῆς
1249 1350 1374 1401 χώρας
1401 1350 1511 1401 πέρι;

674 1487 721 1528 ὡς
749 1487 771 1538 ἢ
801 1486 984 1537 τελευτὴν
1011 1487 1080 1525 τοῦ
1107 1486 1200 1537 βίου
1227 1486 1364 1537 μέλλει
1394 1488 1531 1534 τελεῖν,

673 1553 696 1603 ἢ
725 1552 862 1590 τοῦτον
891 1552 983 1603 ἄρας
1011 1552 1137 1590 ἆθλον
1165 1553 1216 1593 εἰς
1244 1552 1288 1590 τό
1318 1552 1353 1604 γ’
1383 1553 1542 1603 ὕστερον

698 1619 711 1633 x
770 1620 796 1656 λ
867 1619 881 1633 x
947 1618 991 1655 »νδν
1075 1617 1085 1631 t
1233 1617 1241 1629 ³
1275 1617 1284 1630 t
1339 1618 1346 1632 θ
1379 1618 1392 1631 ν
1493 1619 1507 1642 2

674 1634 740 1657 TOV
799 1634 910 1656 omrov
938 1635 960 1668 Ἰ]
989 1635 1008 1668 Ι]
1037 1617 1175 1668 βΔΟΤΟν
1204 1634 1336 1656 Ευαιων
1375 1634 1487 1668 ΕΧΕΗΙ.

513 1725 660 1768 Choro
691 1726 884 1779 denique
915 1725 1125 1779 ingress0,
1151 1724 1206 1765 de
1239 1724 1392 1766 tabula
1424 1725 1579 1766 eadem
1612 1731 1655 1766 et
1687 1739 1783 1766 ora-

511 1795 619 1836 culis
651 1794 722 1836 vel
757 1795 1014 1848 diligentius
1054 1793 1329 1848 disceptat33
1370 1795 1500 1844 unde,
1533 1795 1658 1848 quasi
1701 1795 1783 1848 ipsi

511 1871 776 1919 praesentes,
810 1877 899 1905 non
935 1877 1172 1917 possumus
1204 1864 1309 1917 quin
1341 1863 1529 1904 oraculis
1565 1863 1781 1904 eiusmodi

510 1934 795 1975 vehementer
826 1933 1021 1982 excitati,
1043 1939 1086 1973 et
1118 1933 1174 1974 de
1198 1933 1392 1974 Hercule
1422 1947 1577 1987 reapse
1608 1947 1695 1974 non
1726 1934 1783 1974 de

513 2003 723 2044 Deianira
755 2003 825 2056 agi
858 2016 916 2042 ex
948 2001 1135 2043 oraculis
1167 2002 1273 2055 ipsis
1305 2002 1630 2044 certioresiam
1664 2002 1782 2052 facti,

514 2072 718 2113 Herculis
770 2072 907 2126 ipsius
957 2071 1200 2112 adventum
1252 2071 1339 2111 iam
1394 2072 1498 2112 inde
1549 2071 1606 2112 ab
1657 2072 1783 2112 initio

511 2142 765 2195 tragoediae
801 2141 1013 2182 acerrime
1050 2146 1373 2193 exspectemus.
1441 2140 1568 2194 Quae
1604 2140 1782 2182 oracula

511 2225 610 2252 cum
643 2211 699 2251 ad
735 2210 992 2263 tragoediae
1026 2210 1242 2250 rationem
1278 2210 1391 2250 adeo
1425 2210 1639 2259 intersint,
1674 2211 1780 2263 quid

512 2281 671 2321 mirum
698 2281 746 2328 si,
771 2279 974 2321 Herculis
999 2292 1166 2332 angore
1191 2279 1454 2327 renuntiato,
1477 2279 1534 2320 ad
1562 2278 1670 2319 nihil
1698 2280 1779 2319 nisi

511 2351 568 2391 ad
600 2349 776 2390 oracula
814 2348 888 2389 illa
923 2349 1072 2389 statim
1109 2349 1341 2389 revertitur
1376 2349 1595 2390 chorus?4
1658 2348 1778 2402 Quid

913 2476 924 2496 1
942 2477 1044 2519 Soph.
1070 2476 1186 2508 Traclz.
1207 2476 1318 2516 43-48.

913 2531 926 2550 ²
942 2531 1044 2573 Soph.
1070 2531 1186 2563 Trade.
1208 2531 1317 2570 7681.

912 2585 925 2605 3
943 2586 1044 2627 Soph.
1072 2586 1186 2616 Tf‘acll.
1212 2592 1360 2626 153-177.

911 2640 923 2659 ⁴
941 2641 1042 2682 Soph.
1070 2640 1186 2671 Traclz.
1207 2639 1360 2680 821-830.
