2013 3328
332 1169 345 1194 Ι
351 1169 362 1194 Ι
368 1169 390 1194 I.
404 1168 444 1201 (2)

290 1203 350 1229 lee
362 1203 443 1228 Skill

285 1237 360 1262 witlz
371 1236 466 1263 which

285 1271 308 1296 S
309 1270 433 1329 oscbilzocles

286 1313 325 1329 an

286 1338 309 1363 S
310 1337 449 1370 lzakspere

284 1372 400 1398 conceal

286 1405 453 1431 themselves

285 1439 317 1464 in
332 1439 410 1464 their

292 1473 330 1498 W
329 1473 389 1499 erle.

504 332 553 367 60
763 327 1043 360 SOPHOCLES
1076 327 1178 358 AND
1211 326 1506 359 SHAKSPERE.
1639 326 1703 358 III.
1725 327 1772 364 (2)

502 438 775 491 Tyrannum,
805 437 1028 490 Oedipum
1057 436 1316 486 Coloneum,
1342 435 1604 489 Antigonen
1634 435 1774 475 intue-

504 521 612 557 mur,
640 521 787 548 nonne
819 506 1100 547 manifestum
1131 511 1198 546 est
1226 505 1348 546 nulla
1376 518 1520 546 rerum
1551 505 1775 546 continua-

502 578 622 618 tione
658 577 738 617 has
773 576 1025 629 tragoedias
1067 574 1330 615 cohaerere?
1407 574 1526 628 Quid
1563 575 1680 615 enim
1718 574 1774 614 de

504 647 693 688 Creonte
721 645 878 693 dicam,
908 645 983 698 qui
1012 645 1124 685 duos
1149 643 1219 684 vel
1250 650 1338 684 tres
1369 643 1571 684 homines
1601 644 1775 685 diversa

503 716 650 757 indole
687 715 911 768 praeditos
947 714 1028 754 sub
1065 727 1155 754 uno
1197 713 1376 753 nomine
1416 713 1458 753 in
1502 726 1639 753 unum
1682 713 1774 766 ipse

502 783 790 838 coniungit?l
852 783 899 824 Si
938 783 1035 836 quis
1077 795 1180 835 ergo
1222 781 1485 835 ‘trilogiam'
1529 796 1574 822 se
1616 782 1775 822 intueri

503 855 750 904 arbitratur,
791 855 833 894 in
876 853 1124 894 maximum
1163 866 1352 893 errorem
1401 853 1567 902 incidit,
1611 853 1776 906 quippe

503 925 578 978 qui
612 930 839 977 praeterea
872 923 1003 975 longe
1035 928 1139 963 ante
1176 921 1400 975 Oedipum
1434 922 1694 975 Tyrannum
1731 928 1776 963 et

504 993 729 1047 Oedipum
768 992 1012 1034 Coloneum
1048 991 1340 1044 compositam
1384 1005 1478 1032 esse
1513 991 1773 1045 Antigonen

503 1077 680 1117 prorsus
716 1060 919 1115 ignoret.2

563 1154 665 1208 Quo
707 1167 849 1194 errore
891 1152 1079 1201 sublato,
1120 1165 1235 1192 nunc
1277 1151 1459 1192 tandem
1502 1151 1558 1192 ad
1603 1150 1776 1204 Sopho-

503 1224 616 1265 clem
649 1230 692 1264 et
726 1223 1044 1276 Shaksperium
1082 1222 1202 1275 ipsos
1232 1221 1380 1261 venire
1411 1234 1657 1274 possumus.
1722 1222 1772 1261 In

503 1294 655 1347 primis
686 1293 819 1345 igitur
853 1305 1028 1332 summa
1065 1292 1195 1332 laude
1230 1290 1486 1331 cumulandi
1523 1296 1637 1339 sunt,
1674 1291 1776 1343 quia

504 1376 730 1416 nunquam
746 1362 814 1415 (ut
832 1375 1043 1415 persaepe
1059 1359 1311 1414 Euripides)
1327 1359 1457 1400 nimis
1475 1366 1776 1413 exposuerunt

505 1432 610 1485 quid
643 1432 725 1485 ipsi
757 1431 812 1471 de
843 1431 973 1471 rebus
1005 1429 1242 1483 propositis
1274 1429 1493 1478 sentiant;
1541 1429 1689 1478 immo,
1727 1435 1776 1469 ut

505 1502 578 1555 qui
602 1501 789 1541 artifices
812 1505 958 1541 essent
980 1499 1148 1553 optimi,
1166 1499 1407 1539 sententias
1429 1512 1541 1546 suas,
1559 1504 1775 1550 quantum

505 1571 597 1612 fieri
630 1576 816 1624 poterat,
837 1569 1099 1623 plerumque
1127 1568 1389 1609 celaverunt.
1453 1567 1572 1621 Quid
1603 1567 1773 1616 mirum,

505 1641 647 1693 igitur,
685 1640 719 1680 si
757 1639 864 1679 nihil
906 1638 994 1679 fere
1031 1639 1087 1679 de
1123 1638 1215 1678 vita
1254 1637 1428 1677 illorum
1471 1651 1495 1677 6
1536 1637 1775 1690 tragoediis

506 1709 711 1762 colligere
747 1708 1012 1761 possumus?
1075 1707 1335 1746 “Homerus
1368 1713 1411 1746 et
1444 1706 1775 1759 Shaksperius,”

506 1779 648 1832 inquit
689 1778 863 1819 criticus
904 1777 1085 1830 quidam
1130 1775 1343 1829 insignis,3
1379 1776 1506 1816 “duo
1548 1776 1608 1816 illi
1657 1776 1775 1816 illus-

505 1849 683 1888 trissimi
719 1853 889 1900 poetae,
928 1846 1109 1886 nomina
1145 1852 1318 1886 tantum
1358 1845 1484 1885 nobis
1520 1843 1777 1886 exsistunt.’'

507 1918 670 1958 Nonne
718 1916 1001 1969 Sophoclem,
1046 1916 1103 1955 de
1144 1915 1266 1955 cuius
1306 1915 1397 1955 vita
1439 1915 1621 1954 omnino
1668 1914 1776 1954 nihil

506 2002 529 2028 6
575 1986 827 2040 tragoediis,
869 1985 977 2025 nihil
1029 1984 1117 2025 fere
1158 1990 1202 2024 et
1254 1984 1296 2024 id
1339 1983 1518 2036 quidem
1561 1984 1774 2024 incertum

506 2071 563 2097 ex
597 2056 692 2096 aliis
723 2054 1010 2108 scriptoribus
1042 2053 1340 2106 cognovimus,
1364 2053 1456 2093 iure
1488 2053 1660 2106 optimo
1691 2053 1776 2093 illis

505 2126 799 2178 adiungamus
816 2124 830 2164 ?

549 2236 559 2255 ¹
577 2237 627 2269 Cf.
645 2235 743 2277 Jebb‚
762 2235 940 2276 Sophocles:
964 2234 1079 2274 Antz'g‘.
1102 2245 1132 2274 p.
1154 2234 1188 2271 l.‚
1213 2234 1286 2264 Oed.
1310 2233 1374 2264 Col.
1396 2243 1427 2273 p.
1448 2243 1522 2263 XXV.

548 2288 561 2307 2
576 2288 652 2319 Vid.
674 2287 849 2328 Symonds‚
867 2291 914 2327 op.
935 2286 1001 2324 cit„
1017 2286 1080 2316 vol.
1100 2286 1141 2323 1.‚
1155 2296 1226 2326 cap.
1244 2284 1325 2323 xiii„
1342 2295 1396 2325 pp.
1413 2284 1487 2324 436,
1503 2291 1566 2323 437
1581 2295 1589 2321 3
1615 2284 1773 2325 Mahafsy,

504 2349 552 2385 op.
576 2344 642 2380 cit„
664 2343 728 2373 vol,
754 2342 795 2379 1.‚
817 2352 888 2382 cap.
912 2340 991 2379 xvi.,
1017 2342 1034 2379 ἕ
1061 2340 1131 2377 186,
1158 2351 1188 2381 p.
1216 2339 1301 2379 283;
1331 2339 1426 2380 Jebc
1455 2339 1632 2380 Sophocles:
1657 2340 1773 2379 Antzgr.

507 2398 572 2437 (ed.
593 2406 624 2435 2,
648 2396 754 2436 1891),
777 2407 832 2437 pp.
852 2395 946 2432 xlix„
965 2396 986 2426 l.

549 2452 561 2469 ³
578 2453 623 2483 H.
658 2452 806 2489 Hallam,
836 2449 1064 2480 Introduction
1091 2453 1121 2479 lo
1148 2448 1199 2478 the
1225 2448 1410 2478 [iteratum
1434 2447 1475 2488 of
1493 2447 1626 2488 Europe
1649 2447 1713 2485 (ed.
1743 2455 1774 2487 3,

512 2507 618 2546 1847),
642 2507 705 2537 vol.
735 2506 796 2541 IL,
823 2515 895 2545 cap.
920 2504 978 2541 vi„
1003 2505 1091 2544 §34,
1116 2514 1170 2544 pp.
1198 2509 1268 2542 175,
1295 2502 1374 2541 176:
1403 2501 1489 2533 “Of
1508 2501 1653 2532 William
1671 2501 1775 2533 Shak-

507 2572 618 2603 spcare
644 2586 651 2592 .
679 2585 686 2591 .
717 2585 723 2592 .
751 2561 775 2591 it
799 2571 874 2600 may
899 2559 938 2590 be
963 2559 1048 2599 truly
1071 2558 1140 2589 said
1162 2558 1230 2588 that
1251 2568 1298 2588 wc
1320 2557 1463 2597 scarcely
1485 2557 1583 2587 know
1603 2556 1772 2596 anything.

544 2641 550 2647 .
580 2640 586 2646 .
615 2616 686 2646 The
708 2621 772 2645 two
795 2618 935 2655 greatest
960 2624 1072 2643 names
1097 2612 1127 2642 in
1155 2618 1269 2653 poetry
1294 2613 1436 2650 (Homer
1463 2612 1527 2642 and
1557 2611 1775 2652 Shakspeare)

506 2682 560 2702 are
584 2676 618 2702 to
643 2681 679 2701 us
703 2670 786 2701 little
810 2679 900 2700 more
925 2669 1003 2699 than
1027 2666 1174 2699 names.''
