1931 3328
178 343 245 375 ΙΙΙ.
261 343 309 383 (8)
418 343 602 375 TRAGIC
635 343 789 374 IRONY
820 343 882 375 OF
914 342 1211 375 SHAKSPERE.
1404 343 1450 380 81

175 453 362 494 ironiam
416 452 468 506 <si
520 466 609 506 qua
649 452 807 505 inerat)
857 452 978 493 nulla
1024 452 1194 494 ratione
1240 451 1457 506 dispicere

176 528 384 576 poterant
406 528 692 576 spectatores,
713 523 879 576 quippe
901 523 976 576 qui
998 522 1256 576 tragoediae
1283 522 1456 563 exitum

177 592 408 646 providere
431 592 675 646 nequirent.
739 591 829 633 Sed
862 591 1159 646 Shaksperius
1180 598 1345 640 tamen,
1370 605 1458 644 qua

177 668 272 703 erat
294 668 398 711 arte,
423 676 511 716 qua
533 662 792 712 subtilitate,
814 662 1031 716 temporis
1053 661 1299 703 intervallis
1325 661 1459 702 inter-

176 732 408 785 ponendis,
444 731 543 773 loco
575 731 769 773 crebrius
803 732 1033 780 mutando,
1064 737 1238 773 actores
1266 730 1460 785 denique

176 815 391 855 persaepe
441 815 593 843 secum
646 800 882 854 loquentes
929 801 1129 855 singulos
1175 800 1460 849 inducendo,l

177 885 270 912 rem
297 877 441 913 totam
464 871 791 925 spectatoribus
814 871 927 912 adeo
950 870 1250 925 patefaciebat
1272 877 1316 912 et
1339 870 1459 911 illus-

177 941 338 990 trabat,
378 947 427 982 ut
468 941 642 982 exitum
677 941 936 995 tragoediae
973 940 1236 994 plerumque
1277 948 1462 995 possent

177 1011 420 1065 providere.
475 1010 767 1052 Macbethum
791 1011 921 1061 enim,
939 1017 987 1052 ut
1010 1010 1271 1064 exemplum
1295 1010 1461 1064 profer-

177 1095 316 1130 amus,
344 1095 462 1122 nunc
489 1095 630 1122 uxore
657 1081 956 1135 persuadente
986 1080 1170 1122 consilia
1203 1080 1463 1129 ineuntem,2

177 1165 294 1193 nunc
331 1152 613 1193 dubitatione
656 1149 970 1205 exagitatum?
1006 1164 1125 1191 nunc
1161 1150 1348 1191 consilia
1382 1150 1460 1191 vix

176 1221 429 1262 intermissa
470 1234 619 1262 rursus
659 1221 718 1262 ab
760 1220 934 1274 integro
982 1219 1314 1261 maturantem4
1355 1226 1461 1261 ante

177 1291 297 1345 ipsos
342 1290 497 1333 oculos
542 1291 775 1332 intuemur.
840 1290 978 1331 Haud
1016 1290 1143 1331 aliter
1178 1303 1294 1331 uxor
1334 1290 1459 1331 Mac-

177 1361 299 1403 bethi
370 1360 514 1415 qualis
583 1361 651 1409 sit,
717 1365 888 1413 quanta
953 1359 1226 1410 crudelitate,
1292 1366 1462 1414 quanta

179 1431 377 1482 audacia,
413 1436 584 1484 quanta
625 1430 762 1471 animi
805 1429 1016 1470 firmitate
1057 1429 1279 1479 instincta,
1317 1429 1462 1471 elucet

178 1501 311 1555 longe
367 1506 610 1554 antequam
667 1500 724 1540 ad
782 1499 925 1540 scelus
978 1499 1124 1553 ipsum
1181 1499 1460 1553 propositum

179 1584 268 1612 una
304 1583 404 1612 cum
448 1568 693 1611 Macbetho
731 1568 1019 1623 aggreditur.⁵
1095 1569 1224 1624 Quae
1261 1583 1362 1611 cum
1400 1570 1463 1611 ita

178 1641 280 1690 sint,
320 1645 608 1694 spectatores,
656 1639 815 1679 animis
863 1639 1089 1693 suspensis
1137 1645 1464 1693 exspectantes,

179 1710 285 1764 quid
346 1710 404 1751 sit
465 1715 729 1750 eventurum
791 1708 922 1750 facile
976 1714 1109 1750 antea
1162 1708 1431 1763 intellegunt
1452 1722 1462 1760 ;

178 1781 297 1822 unde
353 1793 442 1821 non
498 1785 686 1833 possunt
737 1779 842 1832 quin
899 1779 1068 1832 tragica
1124 1792 1270 1820 rerum
1322 1779 1463 1820 ironia

179 1863 314 1904 quam
361 1849 561 1890 maxime
611 1848 913 1890 sollicitentur.
993 1848 1076 1890 Cui
1118 1849 1237 1889 enim
1282 1863 1370 1890 non
1418 1849 1461 1890 in

179 1926 375 1961 mentem
417 1919 569 1960 statim
611 1919 800 1960 occurrit
843 1919 946 1959 Rex
987 1918 1061 1959 ille
1105 1919 1364 1970 Duncanus,
1399 1919 1465 1960 vir
1482 1930 1578 1957 Maca

181 2004 357 2031 summa
408 1989 685 2039 liberalitate,
739 1988 1111 2042 magnanimitate
1163 1989 1337 2043 insigni,
1388 1989 1463 2043 qui

181 2059 471 2102 Macbethum
496 2058 618 2100 nulla
635 2072 832 2112 unquam
861 2058 1020 2099 iniuria
1049 2058 1271 2110 affecerat,
1294 2065 1463 2109 contra,

180 2144 261 2185 pro
292 2135 360 2171 tot
391 2129 618 2182 tantisque
650 2128 818 2169 meritis
850 2128 906 2169 ad
939 2128 1239 2182 amplissimos
1271 2128 1462 2170 honores

180 2200 270 2241 iam
299 2198 608 2253 perduxerat?
669 2198 745 2239 Ad
776 2198 968 2239 eundem
1002 2198 1293 2240 Macbethum
1329 2199 1464 2252 igitur

182 2269 308 2323 quasi
330 2269 386 2310 ad
410 2269 618 2310 intimum
641 2268 833 2309 amicum
857 2268 1130 2317 deversurus,
1149 2268 1270 2310 nullo
1292 2269 1465 2318 timore,

182 2339 431 2393 suspicione
453 2338 575 2380 nulla
597 2337 772 2379 incedit.
838 2338 934 2380 Nec
951 2352 1039 2379 non
1060 2339 1293 2381 castellum
1318 2339 1462 2393 ipsum

488 2473 499 2492 ¹
517 2474 593 2506 Vid.
614 2480 727 2516 supra,
747 2485 777 2516 p.
798 2483 837 2514 41
857 2480 889 2506 et
906 2485 937 2506 n.
959 2484 988 2515 3.

488 2528 501 2548 ²
518 2530 717 2571 Shakspere,
737 2530 896 2568 Macbeth,
918 2530 944 2561 I.
966 2541 995 2561 v.
1019 2536 1057 2571 57
1074 2541 1145 2571 sqq.

489 2583 502 2603 ²²
519 2585 718 2626 Shakspere,
740 2585 898 2623 Macbedz,
920 2585 945 2616 Ι.
967 2584 1021 2616 vii.
1046 2585 1131 2626 1-58.

489 2638 502 2656 ‘¹
520 2639 720 2680 Shakspere‚
739 2639 901 2678 Machala,
923 2640 948 2671 I.
970 2639 1024 2671 vii.
1046 2639 1156 2678 72-82.

490 2693 503 2712 ⁵
523 2693 722 2735 Shakspere,
741 2694 899 2732 Machala,
922 2694 948 2725 I.
969 2694 1073 2726 v.-vii.

818 2757 838 2779 F
