1931 3328
182 352 250 385 111.
269 355 338 396 (13)
386 355 541 388 UNITY
559 356 620 388 OF
638 356 845 389 ACTION:
871 357 987 389 HOW
1015 357 1110 389 FAR
1135 358 1272 389 KEPT.
1411 368 1459 407 97

183 463 341 505 mirum
396 466 432 506 si
487 466 706 507 Hercules
759 467 864 520 ipse,
913 467 1045 507 Nessi
1098 468 1279 508 nomine
1330 467 1461 507 simul

181 533 365 584 audito,1
396 541 490 576 tum
525 536 735 586 maxime,
767 537 874 589 quid
908 550 953 577 re
982 550 1086 577 vera
1116 536 1255 577 velint
1284 537 1461 577 oracula

181 603 257 644 illa
278 605 463 658 antiqua
479 607 587 646 satis
610 607 794 647 tandem
818 606 1031 659 cognit0,2
1046 607 1200 647 uxoris
1223 607 1461 647 Deianirae

181 687 395 728 perquam
419 675 665 724 immemor,
689 677 745 716 de
767 676 955 717 oraculis
977 682 1153 717 tantum
1182 676 1288 730 ipsis
1311 690 1459 717 secum

180 743 242 785 ita
265 745 531 786 meditatur:

343 834 384 887 (ἡ
414 834 519 886 δρῦς)
550 835 676 886 χρόνῳ
705 835 756 886 τῷ
787 836 893 887 ζῶντι
925 835 988 873 καὶ
1017 835 1180 886 παρόντι
1212 835 1277 874 νῦν

342 901 489 949 ἔφασκε
516 901 676 953 μόχθων
704 901 779 940 τῶν
808 901 1033 951 ἐφεστώτων
1062 901 1144 951 ἐμοὶ

344 966 462 1005 λύσιν
490 967 702 1006 τελεῖσθαι·
734 967 919 1005 κάδόκουν
947 967 1104 1019 πράξειν
1133 968 1273 1008 καλῶς·

343 1033 386 1070 τὸ
417 1033 446 1070 δ’
475 1034 523 1083 ἣν
552 1033 608 1083 ἄρ’
638 1033 745 1071 οὐδὲν
774 1034 879 1071 ἄλλο
908 1033 1017 1083 πλὴν
1049 1033 1176 1071 θανεῖν
1206 1033 1276 1083 ἐμέ.

345 1101 425 1139 τοῖς
455 1099 528 1151 γάρ
560 1099 719 1137 θανοῦσι
749 1099 898 1149 μόχθος
927 1098 971 1136 οὗ
999 1099 1291 1151 προσγίγνεται.

342 1164 448 1202 ταῦτ’
478 1164 544 1202 οὖν
583 1196 590 1203 .
634 1196 641 1204 .
687 1198 694 1204 .
740 1165 899 1214 λαμπρὰ
927 1164 1148 1215 συμβαίνει,
1180 1164 1342 1213 τὲκνον,3

180 1265 225 1301 et
255 1260 373 1301 idem
405 1260 584 1302 oracula
617 1262 785 1311 eadem,
817 1261 998 1301 iamiam
1033 1260 1283 1309 moriturus,
1314 1273 1462 1300 rursus

180 1331 223 1371 in
256 1336 454 1372 mentem
487 1338 690 1372 revocat:

342 1420 403 1472 ἄγ’
433 1421 625 1473 ἐγκονεῖτ’,
658 1421 823 1471 αἴρεσθε·
853 1420 986 1458 παῧλοί
1014 1437 1073 1458 τοι
1106 1419 1230 1457 κακῶν

342 1487 449 1537 αὕτη,
480 1486 639 1537 τελευτὴ
669 1486 776 1525 τοῦδε
806 1486 964 1536 τάνδρὸς
993 1485 1172 1535 ὑστάτη.4

241 1578 326 1618 His
368 1592 474 1632 ergo
518 1577 706 1619 oraculis
754 1590 896 1631 usque
942 1576 1000 1617 ab
1047 1576 1174 1617 initio
1221 1576 1278 1616 ad
1326 1575 1460 1616 finem

178 1648 436 1701 tragoediae
476 1661 688 1702 persaepe
732 1647 774 1687 in
814 1652 986 1687 mentes
1023 1645 1299 1687 audientium
1338 1659 1462 1686 revo-

179 1718 343 1767 candis,
367 1722 376 1737 ⁴
396 1717 631 1759 Unitatem
658 1717 890 1758 Actionis’
915 1716 1143 1770 quandam
1176 1728 1462 1756 conservasse

181 1787 451 1842 Sophoclem
483 1787 833 1841 haudquaquam
868 1786 1125 1840 negandum
1156 1791 1234 1826 est.
1296 1785 1460 1826 Veram

178 1864 329 1898 tamen
367 1857 600 1899 ‘Actionis
643 1857 907 1899 Unitatem'
947 1855 1236 1896 nihilominus
1276 1856 1461 1896 omnino

177 1927 449 1981 requirimus.
530 1927 676 1967 Immo
723 1927 982 1980 saepissime
1025 1940 1076 1966 ac
1118 1925 1459 1978 diligentissime

177 1996 293 2037 hanc
328 1998 607 2051 tragoediam
645 1996 922 2050 perscrutati,
955 2009 1042 2036 non
1082 2008 1321 2049 possumus
1353 1995 1459 2048 quin

177 2066 260 2108 hac
301 2080 389 2108 una
431 2067 473 2107 in
519 2067 669 2107 fabula
711 2066 983 2120 Sophoclem
1025 2066 1108 2106 sibi
1153 2066 1371 2118 imparem
1415 2079 1462 2105 se

179 2137 434 2191 praebuisse
466 2136 787 2178 confiteamur.5
847 2136 1066 2191 Quamvis
1099 2136 1218 2177 enim
1253 2136 1310 2176 de
1346 2135 1460 2176 Her-

223 2265 233 2284 ¹
251 2266 354 2308 Soph.
381 2266 497 2297 Trach.
524 2275 616 2305 1141.

222 2319 235 2339 2
251 2321 354 2363 Soph.
380 2321 498 2353 Traclz.
523 2327 716 2360 1143-1174.

222 2374 235 2395 3
252 2376 354 2417 Soph.
381 2376 497 2407 Traclz.
523 2376 718 2414 1169-1174.

223 2430 236 2449 4
253 2431 356 2472 Soph.
384 2431 498 2461 Trach.
526 2437 619 2471 1255,
644 2429 740 2470 1256.

223 2484 298 2518 ⁵Cf.
322 2485 485 2517 Plutarch.
508 2485 572 2524 (cd.
600 2484 819 2521 Francosurffi,
843 2484 937 2521 1620,
955 2484 1020 2514 vol.
1043 2483 1120 2520 IL),
1139 2483 1190 2512 De
1210 2481 1400 2518 Auditione,
1426 2491 1455 2522 p.

179 2547 220 2581 45
239 2549 273 2579 A,
293 2549 325 2579 Β,
344 2541 506 2581 μέμψαιτο
529 2539 555 2570 δ’
578 2540 615 2570 ἄν
632 2551 678 2571 τις
705 2563 711 2570 .
740 2563 747 2570 .
777 2563 783 2569 .
817 2539 1017 2578 Σοφοκλέους
1040 2539 1098 2575 τὴν
1120 2537 1316 2575 ἀνωμαλίαν,
1335 2535 1362 2567 si
1386 2535 1461 2567 licet

179 2595 261 2626 haec
277 2595 376 2626 verba
391 2589 433 2626 ad
450 2595 633 2626 fabularum
651 2593 923 2635 compositionem
942 2593 1069 2624 referre.
1120 2593 1203 2624 Sunt
1219 2597 1329 2623 autem
1346 2591 1403 2633 qui
1420 2591 1461 2622 ad

179 2650 290 2681 stilum
315 2650 423 2692 potius
446 2661 484 2681 ea
508 2650 677 2680 reserenda
700 2660 768 2680 esse
793 2649 990 2680 arbitrantur
1013 2650 1091 2688 (eg.
1118 2647 1295 2688 Syrnonds,
1318 2652 1365 2687 op.
1391 2647 1460 2683 cit„

181 2705 245 2736 vol.
268 2705 310 2743 Ι.,
329 2716 400 2746 cap.
422 2704 503 2742 xiii„
524 2716 554 2746 p.
574 2705 662 2744 423).

817 2767 839 2788 G
