1931 3328
170 360 217 392 ΙΙ.
237 360 285 399 (2)
398 359 679 393 SOPHOCLES
717 359 784 392 ΟΝ
821 360 923 392 ΤΗΕ
957 358 1288 391 ‘AFTER-LIFE.’
1400 372 1449 410 23

171 483 277 511 num
301 475 576 511 mortuorum
594 470 713 511 vitae
730 484 832 524 spes
849 468 1066 524 effulget.''
1128 468 1450 523 Quaestionem

169 546 262 581 tam
305 539 529 581 difficilem
572 539 667 580 sine
709 539 798 581 ulla
849 540 1174 594 disceptatione
1214 538 1453 593 praeterire

172 622 259 650 non
318 609 472 650 ausim.
565 609 702 664 Apud
768 609 1039 663 Sophoclem
1098 609 1242 663 igitur,
1301 614 1452 650 nostro

171 679 353 732 quidem
395 679 589 729 arbitrio,
633 693 787 721 manes
829 685 1106 720 mortuorum
1157 679 1303 720 adhuc
1344 692 1452 732 quo-

171 748 416 790 dammodo
442 750 605 790 sentire
633 756 751 791 certe
777 750 1114 791 concedendum
1141 755 1219 790 est.
1280 748 1454 802 Aperte

171 818 215 860 in
232 818 411 861 Electra
427 820 484 861 de
500 819 781 873 Amphiarao
799 819 1063 861 iamdudum
1081 825 1257 861 mortuo
1274 818 1455 860 chorus:

609 905 675 943 νῦν
703 904 776 943 ὑπὸ
806 905 918 957 γαίας

608 971 818 1022 πάμψυχος
847 970 1041 1011 οἰνοίσσει.1

176 1055 314 1097 Haud
376 1069 502 1097 secus
562 1054 687 1097 Aiax
740 1055 815 1097 ubi
867 1056 956 1097 iam
1008 1055 1160 1105 solem,
1214 1054 1456 1105 Salamina,

172 1125 393 1176 Athenas,
409 1125 566 1167 fluvios
589 1126 780 1180 denique
803 1132 848 1167 et
869 1139 1052 1179 campos
1075 1125 1294 1166 Troianos
1310 1124 1457 1166 valere

172 1196 370 1246 iusserat,
399 1196 670 1250 iamiamque
702 1202 892 1238 mortem
925 1195 1008 1237 sibi
1040 1195 1316 1237 consciturus
1346 1194 1456 1236 haec

173 1265 331 1306 ultima
351 1265 487 1306 verba
510 1265 667 1307 effudit
686 1279 693 1306 :

300 1350 349 1388 τὰ
378 1351 408 1388 δ’
439 1350 533 1388 ἄλλ’
564 1350 602 1389 ἐν
622 1350 761 1388 (Ἀιδου
789 1353 869 1391 τοῖς
899 1350 1001 1389 κάτω
1029 1350 1286 1401 μυθήσομαι.2

234 1442 368 1482 Porro
405 1447 556 1483 autem
594 1441 713 1496 apud
753 1440 1035 1495 Sophoclem,
1069 1455 1169 1483 cum
1206 1441 1458 1483 viventibus

173 1517 449 1552 mortuorum
482 1525 637 1553 manes
665 1511 843 1552 vinculo
876 1511 1073 1564 quodam
1106 1525 1203 1552 esse
1234 1510 1457 1552 coniuncti

172 1581 390 1622 videntur.
469 1580 551 1623 Cui
603 1594 692 1622 non
745 1581 899 1622 statim
942 1581 986 1622 in
1029 1586 1227 1622 mentem
1270 1580 1458 1622 occurrit

175 1651 365 1702 Electra,
388 1664 503 1704 quae
528 1651 751 1692 somnium
779 1650 890 1691 illud
918 1650 1304 1705 Clytaemnestrae
1326 1650 1458 1691 simul

174 1721 430 1775 expositum
454 1720 789 1774 Agamemnoni
816 1720 1038 1762 trucidato
1060 1721 1263 1762 ascribit:

284 1800 389 1851 Οἶμαι
417 1800 486 1850 μὲν
515 1800 591 1849 Οῧν,
624 1800 731 1851 Οἶμαί
759 1817 797 1838 'rb
828 1799 988 1851 KdKGL'llq)
1016 1799 1137 1850 μέλον

280 1865 428 1917 πέμψαι
456 1866 537 1904 τάδ’
567 1865 664 1918 αὐτῇ
695 1866 959 1917 δυσπρόσοπτ’
990 1866 1197 1917 ὀνείρατα.3

175 1951 272 1993 Nec
293 1951 499 1992 dissentit
519 1950 680 1993 chorus
698 1965 707 1992 :

283 2030 421 2069 ὕπεστί
448 2047 515 2081 μοι
546 2030 700 2081 θράσος,

285 2097 481 2135 ἁδυπνόων
510 2096 710 2135 κλύουσαν

284 2163 420 2213 ἀρτίως
449 2162 665 2214 ὀνειράτων

285 2228 329 2267 οὗ
358 2228 433 2280 γάρ
463 2228 547 2267 ποτ’
577 2229 766 2279 ἀμναστεῖ
793 2231 828 2281 γ’
859 2228 878 2266 ὃ
909 2228 1036 2278 φύσας
1059 2228 1267 2267 ξΕλλάνων
1296 2229 1422 2282 ἄναξ.4

177 2308 403 2351 Continuo
427 2308 801 2362 Chrysothemem
826 2308 1004 2349 Electra
1026 2309 1087 2349 ita
1109 2308 1398 2350 exhortatur:

286 2392 395 2431 αἰτοῦ
424 2393 461 2430 δὲ
490 2392 784 2443 προσπίτνουσα
814 2393 933 2444 γῆθεν
962 2392 1094 2443 εὐμενῆ

285 2459 378 2511 ἡμῖν
408 2459 558 2511 ἀρωγὸν
586 2459 703 2497 αὐτὸν
732 2458 784 2500 εἰς
813 2458 975 2510 ἐχθροὺς
1002 2459 1170 2508 μολεῖν.5

222 2613 234 2633 Ῑ
254 2614 357 2656 Soph.
379 2615 436 2646 El.
457 2614 532 2655 839,
552 2614 625 2653 840.
892 2612 905 2632 2
922 2613 1024 2655 Soph.
1045 2614 1102 2646 Αἱ.
1123 2613 1197 2655 865.

222 2668 235 2689 3
253 2669 355 2711 Soph.
377 2670 433 2702 El.
454 2676 528 2711 459,
549 2669 623 2709 460.
894 2668 908 2688 4
925 2669 1028 2711 Soph.
1048 2669 1105 2700 El.
1125 2668 1281 2710 479-482.

223 2723 237 2744 ⁵
255 2725 359 2767 Soph.
381 2725 437 2756 El.
458 2731 535 2766 453,
554 2730 628 2766 454.
