1931 3328
133 340 179 373 ΙΙ.
200 341 249 380 (2)
398 342 572 375 ORIGIN
605 343 667 375 OF
699 343 866 376 GREEK
898 343 1082 376 DRAMA.
1367 353 1411 391 17

131 451 188 492 sit
219 458 380 494 exorta
412 453 717 507 quaerendum
754 460 833 503 est,
864 455 1032 508 quippe
1062 453 1181 507 quod
1216 452 1415 493 maxime

132 520 189 562 ad
222 523 529 575 quaestionem
563 529 761 565 nostram
794 524 980 566 intersit.

192 591 240 633 Si
274 592 373 646 quis
412 593 610 635 Graecae
647 594 927 648 Tragoediae
960 593 1135 634 initium
1168 606 1220 633 ac
1256 592 1414 633 funda·
1432 605 1589 638 Origines

132 667 334 703 mentum
372 664 523 704 studet
560 664 737 717 penitus
775 665 1021 717 exquirere,
1052 663 1413 704 coniunctionem
1433 639 1552 713 ιΓόἶῗῇἷζῖςιι

132 731 337 773 intimam
366 732 505 773 totius
535 733 807 774 Graecorum
840 734 958 774 vitae
985 746 1085 774 cum
1118 733 1200 773 Dis
1227 732 1415 773 memin—
1433 709 1594 740 Rel'gwm'

132 801 223 842 erit.
302 802 397 844 Sub
437 803 545 844 Iove
582 817 693 857 puro
729 810 774 844 et
811 803 1015 852 candido,
1049 803 1092 843 in
1129 808 1246 843 terra
1277 815 1413 855 quam
1432 811 1635 872 {qpssmk

131 870 305 912 Natura
351 873 447 926 ipsa
493 873 610 913 ultro
651 887 936 914 consecrasse
977 873 1226 922 videbatur,
1268 855 1571 926 positi‚j0,⁶volff}fm

131 940 239 981 nihil
269 942 352 983 nisi
385 942 553 983 bonum
589 943 670 983 Dis
700 943 1032 994 attribuebant3
1064 948 1109 983 et
1140 943 1183 982 in
1214 942 1413 983 Deorum

130 1011 320 1065 gratiam
344 1013 537 1054 vicissim
565 1013 648 1067 ipsi
679 1013 828 1054 omnia
858 1013 1092 1054 faciebant.
1156 1012 1415 1054 Certamina

131 1081 223 1122 sive
245 1083 455 1135 gymnica
477 1083 570 1124 sive
600 1083 780 1131 musica,
803 1083 908 1132 ludi,
931 1083 1218 1124 recitationes
1243 1082 1411 1124 Home-

131 1150 258 1201 ricae,
284 1152 394 1193 nihil
420 1153 613 1207 denique
640 1153 721 1193 nisi
750 1153 951 1194 Deorum
981 1153 1188 1206 auspiciis
1217 1166 1412 1206 unquam

130 1227 385 1275 susceptum
431 1229 506 1264 est.
584 1222 719 1276 Quod
761 1222 818 1263 de
854 1236 901 1263 se
943 1222 1060 1264 dixit
1105 1222 1334 1272 Horatius,
1370 1222 1415 1263 id

133 1290 345 1333 Graeciae
377 1293 577 1333 nascenti
611 1306 699 1333 non
735 1292 881 1333 minus
912 1293 1121 1333 convenit
1139 1306 1206 1333 :—

409 1367 429 1384 “
447 1369 533 1402 Non
561 1366 642 1403 sine
670 1366 740 1402 Dis
766 1367 959 1402 animosus
986 1367 1162 1402 infans&

131 1437 266 1479 Tales
295 1445 420 1480 erant
452 1438 610 1480 Graeci
644 1438 973 1492 antiquissimi.2
1034 1439 1129 1479 Nec
1157 1451 1246 1479 non
1273 1443 1318 1479 et
1346 1451 1416 1478 ars

132 1508 306 1549 scenica
347 1522 371 1549 e
407 1508 697 1549 caeremoniis
733 1508 894 1549 divinis
931 1514 997 1549 est
1040 1514 1210 1549 exorta.
1293 1507 1414 1562 Quid
1438 1519 1631 1553 Theritesff

1436 1554 1591 1586 Dionysus,

131 1578 249 1619 enim
286 1578 432 1619 dicam
471 1579 528 1619 de
563 1579 760 1632 antiquis
799 1578 989 1632 Dionysi
1028 1577 1218 1619 ritibus?
1293 1577 1413 1631 Quid
1433 1588 1636 1648 gicgnkcearose

1492 1631 1526 1647 e-

130 1648 187 1688 de
219 1654 470 1702 satyrorum
502 1648 639 1689 choro
671 1649 834 1689 circum
868 1661 990 1689 aram
1025 1648 1217 1702 Dionysi
1249 1647 1415 1689 saltan-
1434 1656 1562 1682 Drama·

130 1718 274 1759 tium?
339 1718 468 1759 Haec
519 1724 668 1759 autem
722 1718 874 1759 omnia
925 1718 1024 1772 quis
1076 1723 1143 1759 est
1195 1717 1271 1772 qui
1324 1731 1412 1758 non

129 1794 335 1830 accurate
366 1788 600 1842 cognorit?

190 1858 389 1900 Deorum
408 1872 515 1899 sane
533 1858 575 1898 in
595 1857 811 1899 honorem
830 1857 1007 1899 fabulae
1026 1857 1222 1900 Graecae
1239 1870 1416 1911 semper

129 1934 233 1969 sunt
284 1927 616 1981 compositae3;
668 1928 950 1969 dubitatione
1000 1934 1152 1968 tamen
1205 1927 1415 1981 ambigua
1433 1939 1599 1965 Gloomset-

1434 1974 1511 2006 tlingr
1525 1974 1634 2000 awlzile

130 1998 294 2047 vexati,
315 1998 437 2039 varia
461 1998 755 2051 mutabilique
778 1998 982 2038 fortunae
1004 1998 1176 2038 ratione
1198 2011 1411 2051 perquam
1432 2017 1503 2067 ῗιςίν,
1513 2009 1605 2048 Greek

130 2068 363 2122 exagitati‚
379 2068 413 2107 si
429 2068 535 2121 quid
551 2067 607 2107 de
623 2068 902 2121 benignitate
918 2068 1116 2108 Deorum
1134 2082 1159 2108 a
1173 2067 1412 2108 maioribus
1463 2054 1473 2067 ὁ
1491 2051 1578 2075 lgm.

129 2137 212 2178 sibi
254 2137 467 2179 traditum
506 2143 612 2188 erat,
649 2137 733 2178 hoc
770 2150 903 2178 omne
944 2136 1161 2190 paulatim
1198 2137 1412 2177 increduli

129 2207 425 2262 repudiabant
452 2206 608 2248 Graeci
630 2221 639 2257 ;
673 2206 783 2247 nihil
809 2207 927 2248 enim
951 2207 1033 2247 nisi
1060 2207 1277 2247 incertum
1304 2206 1410 2247 nihil

173 2318 185 2337 ¹
203 2320 287 2351 Hor.
313 2319 424 2351 carm.
448 2319 519 2351 III.
536 2319 578 2351 iv.
599 2328 650 2350 20.

171 2373 184 2393 2
196 2375 245 2406 Cf.
268 2374 410 2416 Stapfer,
429 2379 477 2416 op.
493 2374 563 2413 cit„
578 2385 651 2416 cap.
672 2373 730 2412 ix„
746 2385 778 2416 p.
804 2382 875 2414 192,
893 2373 950 2416 qui
963 2373 1163 2406 recentiores
1176 2384 1250 2406 cum
1267 2373 1412 2416 antiquis

127 2429 173 2461 ita
190 2430 317 2471 optime
334 2435 504 2471 comparat
526 2430 627 2461 “Les
650 2430 820 2471 pratiques
840 2434 871 2460 et
896 2430 927 2460 la
947 2428 1103 2460 <16votion
1129 2429 1173 2460 du
1193 2429 1267 2470 plus
1283 2429 1410 2460 fervent

127 2485 316 2527 catholique
340 2484 478 2516 seculier
509 2485 550 2516 de
575 2496 635 2516 nos
657 2485 749 2527 jours
774 2496 816 2516 ne
843 2489 917 2516 sont
946 2484 1014 2515 rien
1041 2495 1082 2515 en
1110 2484 1341 2525 comparaison
1368 2484 1409 2516 de

126 2539 268 2571 l’etroite
284 2540 426 2571 alliance
443 2540 484 2572 de
501 2545 592 2571 toute
610 2540 642 2571 la
659 2540 710 2571 vie
727 2540 785 2571 des
803 2540 907 2571 Grecs
923 2550 1002 2571 avec
1020 2540 1051 2570 la
1069 2537 1256 2570 Divinite.''

169 2594 182 2614 ³
196 2596 219 2611 “
231 2595 278 2626 As
295 2596 374 2635 long
389 2606 425 2625 as
442 2595 497 2626 the
515 2595 626 2626 Greek
644 2596 759 2626 drama
780 2605 848 2626 was
864 2594 970 2625 worth
992 2594 1153 2635 anything
1169 2599 1202 2625 at
1221 2594 1277 2632 all,
1296 2594 1321 2625 it
1343 2605 1410 2625 was

125 2660 167 2681 an
187 2656 238 2681 act
258 2650 295 2681 of
311 2649 491 2691 worship.’'
538 2650 568 2691 J.
592 2650 630 2680 E.
659 2649 833 2688 Harrison,
858 2649 1048 2690 Alyllwlog'y
1066 2649 1137 2679 and
1152 2649 1364 2680 stlonumcnls
1379 2650 1420 2689 qs

126 2706 156 2736 A
163 2705 268 2736 ncient
284 2705 421 2743 Athens,
442 2704 519 2737 Div.
540 2705 593 2743 C.,
614 2710 692 2736 sect.
714 2704 784 2742 xii„
805 2715 836 2746 p.
858 2712 932 2743 290.

762 2767 783 2790 B
