1931 3328
228 356 367 395 111.(6)
599 353 752 385 STYLE
785 352 887 383 AND
920 351 1136 383 DICTION.
1463 361 1511 399 73

227 478 345 514 sane,
379 463 457 504 sed
492 463 555 504 ita
586 469 740 503 tamen
773 468 822 502 ut
854 466 1061 502 neutrum
1095 460 1162 500 sui
1195 459 1385 500 velimus
1418 471 1513 500 esse

229 533 501 575 dissimilem.

288 602 359 641 De
381 600 484 641 stilo
511 604 663 639 autem
691 611 844 639 eorum
871 595 1191 638 disserentibus
1217 608 1360 649 pauca
1387 595 1515 636 nobis
1540 607 1694 633 Theskin

1536 641 1610 667 witlz
1623 640 1717 666 whiclz

231 676 335 711 sunt
375 669 588 711 addenda
630 669 686 709 de
729 674 823 708 arte
865 673 910 707 et
951 665 1210 714 subtilitate,
1243 666 1362 705 unde
1404 664 1518 705 sicut
1537 676 1685 708 Sapha-xes

233 753 442 781 numeros
479 737 758 791 modosque1
789 737 852 778 sic
884 737 1020 777 etiam
1059 736 1307 777 orationem
1340 734 1519 776 fabulae
1537 710 1700 775 ffiffkspere

1539 787 1591 803 are
1604 779 1683 802 want
1697 779 1725 801 la

233 811 372 864 ipsius
428 808 591 850 rationi
648 808 807 849 idonee
861 806 1325 847 accommodaverunt.
1396 805 1521 845 Mac·
1540 811 1722 872 ffZTZZZ'AEZ

235 880 421 921 bethum
465 892 570 932 ergo
613 884 658 918 et
701 877 928 930 Oedipum
961 876 1224 929 Tyrannum
1258 875 1520 916 intueamur.
1540 858 1743 940 {Tittlioffs'fismff

238 949 421 1004 Quanta
455 947 744 994 sublimitate,
772 952 941 1000 quanta
974 946 1170 987 elatione
1205 951 1341 999 atque
1374 943 1522 985 altitu-
1546 948 1688 980 Tragc'dy·

239 1020 344 1060 dine
416 1018 641 1066 orationis,
703 1017 984 1058 atrocitatem
1056 1015 1316 1069 tragoediae
1387 1015 1523 1056 etiam

240 1089 430 1131 adauxit
483 1086 808 1141 Shaksperius!
889 1086 984 1126 Nec
1036 1086 1182 1126 minus
1233 1085 1439 1138 apposite
1481 1084 1524 1124 in

242 1159 480 1213 Oedipode
512 1159 727 1211 Tyranno
765 1170 906 1210 usque
937 1156 994 1196 ab
1032 1156 1159 1196 initio
1193 1155 1247 1195 ad
1287 1154 1524 1195 discrimen

242 1236 495 1271 extremum
533 1228 718 1268 lenitate
754 1233 847 1267 tam
890 1225 1112 1279 aequabili
1154 1224 1333 1279 profluit
1370 1224 1525 1271 oratio,

244 1306 303 1349 ut,
332 1312 432 1340 cum
465 1297 706 1352 asperitate
738 1296 980 1350 posteriore
1009 1294 1185 1343 collata,
1215 1294 1343 1335 nobis
1374 1293 1526 1334 statim

245 1370 287 1409 in
325 1374 523 1408 mentem
561 1366 845 1421 proverbium
881 1365 987 1406 illud
1026 1370 1203 1405 revocet
1235 1364 1396 1404 “Ante
1430 1377 1528 1417 pro-

244 1438 403 1480 cellam
455 1435 819 1490 tranquillitas.''2
900 1435 1275 1478 Coniunctionem
1327 1434 1444 1474 hanc
1486 1439 1531 1474 et

246 1505 518 1559 συμπάθειαν
568 1506 782 1547 orationis
828 1505 965 1559 ipsius
1014 1518 1115 1545 cum
1162 1504 1394 1557 tragoedia
1440 1517 1529 1544 non

246 1591 483 1633 possumus
539 1578 645 1630 quin
704 1581 748 1616 et
800 1576 921 1629 apud
981 1574 1253 1628 Sophoclem
1312 1580 1357 1615 et
1409 1574 1529 1628 apud

249 1646 572 1701 Shaksperium
610 1645 740 1686 valde
773 1646 1053 1686 admiremur.

310 1718 424 1759 Sunt
447 1716 522 1770 qui
548 1715 761 1757 orationis
786 1715 1111 1768 turpitudinem
1142 1714 1416 1767 Shaksperio
1443 1727 1530 1754 non
1552 1727 1738 1761 swa-spem·

251 1788 433 1828 minime
461 1784 874 1840 exprobraverunt‚3
901 1785 1061 1838 quibus
1092 1784 1316 1825 interdum
1349 1784 1534 1824 assenti-
1554 1763 1728 1829 ηἶῗῖζῖἶξζ

1554 1835 1604 1863 rep
1608 1831 1704 1856 rehen-

251 1857 416 1898 endum
435 1869 531 1897 esse
549 1870 636 1896 non
656 1869 871 1909 negamus
890 1869 898 1905 ;
929 1868 1144 1908 persaepe
1161 1860 1311 1894 tamen
1331 1853 1536 1894 consulto
1554 1866 1631 1896 sidvle,

253 1933 297 1968 et
320 1927 430 1967 mira
453 1926 647 1980 quadam
672 1932 766 1966 arte
783 1925 920 1965 talem
943 1925 1191 1965 orationem
1212 1923 1533 1977 Shaksperium
1555 1913 1720 1974 {fssssssmbls

253 1996 456 2038 attulisse
505 1995 636 2036 valde
688 2009 739 2036 ac
789 1994 1079 2036 vehementer
1128 1994 1410 2034 affirmamus.
1484 1983 1719 2044 Ιηξῖξ’,ζζ’,,ζ’,,ῃ-(Δ

257 2067 488 2107 Romeone
519 2066 636 2106 enim
668 2072 711 2105 et
742 2064 914 2113 Iulieta,
945 2071 993 2104 ut
1022 2077 1159 2104 unum
1193 2064 1352 2104 saltem
1386 2076 1538 2104 exem·
1555 2053 1680 2113 2232*

256 2137 380 2190 plum
413 2135 701 2189 proferamus,
728 2134 942 2189 pallorem
977 2134 1176 2184 Iulietae‚
1208 2140 1461 2174 extremum
1496 2133 1537 2173 in

257 2206 494 2247 discrimen
544 2205 692 2246 subito
742 2204 904 2253 illatae,
956 2218 1034 2258 per
1088 2203 1369 2244 foedissimas
1423 2203 1541 2256 ipsas

260 2336 419 2379 Sophocli
434 2337 596 2368 dederunt
614 2336 693 2375 (vid.
715 2336 826 2368 Schol.
847 2336 888 2367 ad
906 2335 1076 2377 Aristoph.
1105 2336 1191 2376 Wsp.
1211 2334 1299 2374 4603
1323 2345 1430 2376 neque
1449 2334 1543 2365 aliter

262 2392 391 2429 Suklas,
411 2403 472 2423 s.v.
494 2393 663 2431 Σοφοκλῆς
678 2403 685 2424 :
710 2392 961 2432 Προσηγορεύθη
979 2392 1011 2422 δὲ
1031 2392 1193 2429 Μέλιττα,
1209 2391 1260 2421 διὰ
1276 2391 1313 2421 τὸ
1328 2390 1456 2429 γλυκύ).

306 2446 317 2465 ¹
334 2447 411 2478 Vid.
431 2453 544 2488 supra,
564 2458 619 2488 pp.
639 2446 682 2478 66
698 2457 770 2488 sqq.

305 2500 318 2519 2
333 2504 355 2517 ‘⁴
368 2502 441 2532 The
458 2502 542 2532 calm
560 2501 670 2532 before
688 2501 742 2532 the
759 2499 896 2532 storm.⁷⁹
943 2500 1140 2532 Conferatur
1154 2499 1252 2531 etiam
1266 2500 1413 2531 Thomas
1424 2500 1543 2541 Camp-

263 2557 341 2594 bell,
364 2557 522 2587 Germ-ude
535 2557 575 2596 of
591 2556 773 2596 PVy07azz'72g‚
794 2556 872 2586 Pars
891 2556 956 2586 ΙΙΙ.
978 2567 1008 2586 ν.
1028 2565 1070 2594 4:

451 2612 473 2626 ‘⁴
486 2611 558 2641 The
575 2609 726 2641 torrent’s
742 2611 949 2642 smoothness
961 2621 1015 2641 ere
1032 2610 1055 2641 it
1072 2610 1154 2641 dash
1172 2609 1314 2641 below.’'

309 2665 322 2685 3
335 2667 413 2706 Eg.
436 2665 657 2703 Richardson,
676 2670 724 2706 op.
745 2666 811 2703 cit„
831 2676 886 2707 pp.
908 2664 983 2705 365,
1004 2671 1077 2705 375.
1120 2665 1246 2697 Contra
1263 2664 1457 2705 Coleridge:
1475 2666 1547 2696 Lec-

264 2725 351 2752 tures
366 2720 439 2751 and
454 2721 550 2752 Noles
565 2731 607 2751 on
624 2720 815 2761 Slzakspere,
833 2725 885 2751 etc.
907 2720 973 2759 (ed.
994 2720 1079 2757 cit.).
1101 2720 1181 2750 Pars
1199 2720 1246 2750 II.
1266 2720 1283 2757 ἕ
1299 2719 1331 2757 6,
1350 2730 1382 2760 p.
1403 2718 1478 2758 408.
