2013 3328
493 319 541 356 92
763 306 1041 340 SOPHOCLES
1074 306 1174 337 AND
1207 305 1502 338 SHAKSPERE.
1615 303 1770 341 III.(12)

495 414 647 467 possit.
708 408 842 469 Quali
884 415 941 457 de
981 415 1108 456 exitu
1149 414 1429 468 disputaturi,
1468 412 1767 454 Horatianum

495 483 601 525 illud
634 485 944 527 recordemur:

649 574 670 592 “
684 575 719 609 Ν
725 585 767 610 ec
795 576 900 610 Deus
927 574 1073 611 intersit
1097 574 1170 610 nisi
1194 574 1330 620 dignus
1355 573 1503 609 vindice
1527 572 1648 608 nodus

686 633 896 669 Inciderit.”
907 633 918 655 1

556 714 749 756 Fabulas
789 729 895 757 vero
936 721 1082 769 poeta,
1115 720 1332 768 quantum
1369 714 1461 755 fieri
1504 718 1664 767 potest,
1707 712 1769 753 ita

495 784 630 825 debet
672 784 901 825 absolvere
941 791 991 826 ut
1032 785 1182 825 exitus
1218 784 1311 838 ipse
1353 783 1479 837 quasi
1516 797 1574 824 ex
1615 781 1769 823 ordine

497 859 540 894 et
590 854 701 894 serie
761 860 1021 895 eventorum
1084 854 1199 895 ultro
1251 853 1506 907 provenisse
1555 852 1768 893 videatur.

500 922 602 963 Hoc
632 929 781 964 autem
814 923 857 963 in
886 923 1132 964 Philocteta
1163 923 1273 963 effici
1302 936 1390 975 quo
1421 921 1604 962 tandem
1634 920 1769 962 modo

496 993 705 1044 poterat?
782 993 908 1033 Duos
958 993 1075 1032 enim
1122 991 1337 1041 homines,
1379 989 1671 1031 Philoctetam
1719 1002 1770 1030 ac

497 1061 859 1114 Neoptolemum,
892 1062 936 1102 in
970 1074 1147 1102 scenam
1182 1061 1386 1102 inductos
1420 1059 1632 1107 videmus,
1661 1072 1770 1112 quo-

497 1143 593 1171 rum
630 1130 818 1171 alterum
858 1130 1012 1172 decem
1050 1131 1138 1171 iam
1176 1143 1316 1170 annos
1352 1135 1531 1183 propter
1567 1127 1770 1169 morbum

498 1199 789 1240 insanabilem
842 1199 1110 1241 Graecorum
1168 1198 1303 1240 duces
1363 1198 1407 1238 in
1463 1198 1635 1238 Lemno
1696 1197 1772 1237 de-

498 1274 663 1309 sertum
729 1267 1027 1322 reliquerant,²
1091 1268 1293 1317 alterum,
1357 1273 1539 1321 propter
1607 1266 1772 1307 Heleni

497 1337 725 1379 oraculum

821 1420 913 1459 τάπὶ
943 1420 1059 1472 Τροίᾳ
1088 1419 1248 1472 πέργαμ’
1280 1420 1325 1460 ὧς
1354 1418 1398 1457 οὔ
1425 1420 1477 1470 μή
1507 1435 1599 1457 ποτε

687 1486 874 1537 πέρσοιεν,
905 1486 935 1524 εἰ
964 1486 1016 1536 μὴ
1046 1485 1153 1524 τόνδε
1181 1484 1379 1525 πείσαντες
1408 1484 1514 1536 λόγῳ

687 1552 844 1604 ἄγοιντο
875 1552 994 1602 νήσου
1021 1551 1129 1602 τῆσδ’
1160 1551 1217 1600 ἐφ’
1248 1551 1291 1601 ἧς
1321 1550 1414 1588 ναίει
1442 1550 1491 1588 τὰ,
1520 1549 1616 1598 νῦν,3

499 1647 662 1688 idcirco
693 1647 749 1687 ad
784 1647 1005 1687 Lemnum
1039 1647 1174 1687 duces
1206 1645 1349 1686 eidem
1381 1644 1556 1685 decimo
1587 1644 1770 1684 tandem

498 1730 616 1757 anno
672 1716 896 1765 miserant,
946 1721 996 1757 ut
1052 1715 1361 1764 Philoctetam,
1412 1727 1513 1755 arcu
1569 1713 1775 1754 Herculis

499 1791 733 1835 armatum,
754 1785 936 1826 Troiam
959 1798 1109 1825 secum
1133 1789 1387 1837 reportaret.
1446 1782 1772 1836 Neoptolemus

499 1868 617 1908 ergo,
648 1861 827 1895 auctore
860 1854 1012 1902 Ulixe,
1033 1867 1110 1907 per
1138 1853 1340 1894 fraudem
1371 1851 1645 1893 Philoctetae
1676 1865 1773 1905 per-

499 1924 638 1965 suasit
688 1930 737 1965 ut
788 1937 937 1964 secum
989 1924 1032 1963 in
1081 1935 1238 1962 navem
1282 1921 1407 1975 quasi
1450 1921 1493 1961 in
1538 1920 1770 1962 Graeciam

499 1994 650 2035 statim
693 1993 911 2034 rediturus
953 1992 1223 2040 ascenderet,
1264 2004 1343 2044 per
1393 1990 1593 2031 fraudem
1635 1990 1770 2031 etiam

504 2063 710 2104 Herculis
750 2075 900 2103 arcum
942 2061 1164 2115 abripuit3
1211 2060 1289 2101 sed
1327 2073 1435 2101 mox
1474 2059 1775 2100 misericordia

501 2133 710 2175 acerrime
760 2130 1039 2182 commotus,4
1085 2130 1286 2172 fraudem
1340 2130 1537 2183 iniquam
1590 2129 1774 2170 omnino

500 2200 790 2256 aspernatus,5
818 2207 913 2242 tum
944 2200 1126 2241 demum
1156 2213 1244 2253 qua
1273 2205 1366 2241 erat
1397 2199 1653 2253 integritate
1685 2212 1773 2253 qua

761 2311 771 2330 ¹
791 2313 875 2343 Hor.
895 2312 965 2343 Ars
980 2312 1117 2349 poetica,
1140 2319 1211 2351 191,
1234 2319 1302 2350 192.

761 2366 773 2385 ²
790 2367 893 2408 Soph.
914 2366 1000 2397 Phil.
1026 2373 1088 2405 1-7.

760 2419 773 2439 3
790 2421 892 2463 Soph.
914 2421 1003 2451 Plzz‘l.
1023 2419 1176 2459 611-613.

760 2474 773 2494 ⁴
789 2475 865 2507 Vid.
886 2475 988 2517 Soph.
1009 2475 1097 2506 Phil.
1118 2474 1192 2514 965,
1212 2473 1285 2513 966.

761 2529 774 2548 ⁵
791 2530 893 2572 Soph.
914 2529 1003 2560 Phil.
1021 2537 1096 2568 902,
1115 2536 1177 2568 903
1193 2540 1200 2559 z

891 2585 1021 2614 ἅπαντα
1045 2583 1224 2623 δυσχέρεια,
1251 2583 1309 2620 τὴν
1332 2582 1428 2612 αὑτοῦ
1452 2582 1547 2620 φύσιν

891 2639 969 2669 ὅταν
993 2639 1095 2668 λιπών
1118 2648 1164 2668 τις
1189 2635 1247 2677 δρᾷ
1269 2637 1311 2667 τὰ
1333 2637 1376 2674 μὴ
1400 2635 1604 2676 προσεικότα.
