2013 3328
288 2239 489 2270 Slzakspereae-

501 310 551 347 90
762 296 1041 329 SOPHOCLES
1075 296 1176 327 AND
1208 295 1505 328 SHAKSPERE.
1614 295 1682 327 111.
1702 295 1771 334 (11)

500 410 650 446 censet
669 405 889 445 Lemnum
918 417 1013 445 esse
1041 403 1228 444 insulam
1261 402 1613 458 importuosam1
1634 409 1679 444 et
1708 403 1772 444 in-

500 474 818 515 habitabilem.2
886 474 986 514 Hoc
1028 473 1162 514 etiam
1204 473 1469 514 conceditur.
1542 473 1638 514 Nec
1679 472 1772 513 sine

501 557 633 584 causa
674 544 735 584 sic
776 543 956 591 censuit,
999 548 1155 596 utpote
1199 542 1274 596 qui
1322 549 1498 583 antrum
1543 541 1769 596 quoddam

501 613 724 653 desertum
761 613 804 652 in
849 612 976 652 litore
1022 612 1078 652 ad
1122 611 1335 652 orientem
1372 625 1584 652 converso
1617 612 1770 652 decem

502 683 589 722 iarn
615 695 756 722 annos
781 681 1011 722 habitaret.
1065 680 1226 721 Lemni
1255 681 1371 721 enim
1398 694 1485 720 non
1513 681 1596 721 nisi
1625 687 1773 734 partes

502 751 557 792 ad
602 751 877 792 occidentem
922 756 966 792 et
1012 750 1068 790 ad
1116 749 1370 803 aquilonem
1417 763 1580 798 versae,
1626 755 1773 790 aetate

501 820 660 861 saltem
731 820 919 869 heroica,
991 819 1252 873 plerumque
1317 818 1631 868 incolebantur,
1695 833 1775 859 nec

503 895 656 943 portus
702 903 890 943 usquam
932 888 976 929 in
1013 889 1140 929 litore
1180 888 1237 929 ad
1278 888 1492 928 orientem
1545 902 1671 929 verso
1720 902 1774 929 ne

505 959 740 1013 Sophoclis
802 958 983 1012 quidem
1044 963 1246 1012 tempore
1301 956 1585 998 exsistebat.³
1673 957 1775 998 Non

504 1028 637 1081 igitur
665 1028 820 1068 iniuria
854 1028 910 1068 de
941 1027 1025 1068 hoc
1057 1026 1185 1068 litore
1215 1026 1277 1067 ait
1310 1026 1500 1068 Ulixes:

666 1117 763 1168 ἀκτὴ
791 1117 860 1167 μὲν
887 1117 951 1167 ἥδε
980 1117 1047 1167 τῆς
1075 1115 1300 1166 περιρρύτου
1329 1115 1471 1165 χθονὸς

665 1183 835 1234 Λήμνου,
866 1182 1024 1233 βροτοῖς
1045 1182 1227 1221 ἄστιπτος
1257 1180 1332 1219 οὐδ’
1361 1179 1593 1231 οἰκουμένη.4

506 1279 625 1333 Quid
658 1292 763 1331 ergo
795 1278 954 1318 mirum
987 1278 1022 1318 si
1056 1277 1336 1325 Philoctetes,
1359 1275 1514 1316 morbo
1545 1274 1778 1315 insanabili

505 1348 754 1402 prohibitus
805 1348 909 1400 quin
962 1346 1094 1400 longe
1149 1346 1205 1387 ab
1256 1352 1385 1386 antro
1432 1345 1780 1398 progrederetur,

505 1415 707 1455 homines
739 1427 984 1468 perpaucos
1013 1412 1341 1467 conspexerat?
1399 1411 1520 1465 Quid
1550 1411 1709 1451 mirum
1742 1411 1778 1451 si

506 1497 684 1538 perraro
731 1485 787 1525 ad
840 1483 943 1524 litus
994 1489 1086 1524 tam
1136 1482 1314 1524 difficile
1365 1487 1458 1522 tam
1513 1480 1780 1534 inhospitale

506 1567 637 1595 nemo
670 1553 752 1594 nisi
788 1552 1083 1606 procellarum
1115 1553 1157 1593 vi
1191 1550 1400 1593 coactus⁵
1434 1563 1591 1591 navem
1626 1549 1781 1603 appul-

505 1623 632 1664 erat?
695 1622 822 1676 Quae
854 1636 954 1663 cum
984 1623 1045 1662 ita
1077 1628 1235 1671 essent,
1258 1621 1363 1674 quid
1396 1619 1589 1673 denique
1621 1620 1779 1659 mirum

506 1694 541 1733 si
574 1693 744 1734 censuit
777 1691 1045 1732 Philoctetes
1078 1692 1299 1732 Lemnum
1333 1703 1428 1730 esse
1460 1689 1644 1730 omnino

803 1781 881 1819 Οὕτ,
912 1780 1070 1830 ΕὕΟρμΟν
1100 1779 1178 1818 Οὕτ,
1210 1777 1492 1829 ΟἰΚΟυμὲνην26

507 1870 583 1911 Ad
614 1883 832 1911 summam
864 1869 1006 1922 igitur,
1029 1869 1064 1909 si
1094 1869 1199 1922 quid
1229 1869 1285 1909 de
1311 1865 1582 1921 geographia
1611 1865 1784 1914 erravit,

506 1939 576 1981 vel
603 1940 750 1993 potius
775 1940 809 1979 si
836 1939 941 1992 quid
970 1939 1025 1979 de
1052 1938 1267 1978 industria
1290 1944 1335 1977 et
1360 1936 1636 1977 considerate
1662 1948 1782 1975 com-

509 2009 697 2050 mutavit
721 2007 977 2061 Sophocles,
1000 2021 1088 2047 non
1116 2020 1351 2060 possumus
1374 2006 1478 2058 quin
1501 2011 1595 2045 arte
1617 2005 1782 2045 eximia

508 2084 551 2119 et
587 2077 832 2119 subtilitate
869 2076 1174 2117 sollertissima
1210 2075 1294 2116 hoc
1331 2088 1462 2116 omne
1496 2087 1597 2115 eum
1632 2073 1782 2114 confe—

507 2148 618 2189 cisse
650 2147 879 2188 fateamur.

567 2217 636 2258 De
659 2215 931 2269 Shaksperio
954 2227 1042 2255 non
1071 2227 1183 2267 opus
1209 2218 1276 2254 est
1305 2212 1440 2266 longa
1468 2211 1779 2264 disputatione.

724 2370 734 2389 ¹
753 2371 854 2413 Soph.
875 2370 963 2401 Phil.
984 2378 1058 2407 221,
1079 2377 1152 2410 302.

724 2423 737 2441 ‘³
753 2423 856 2464 Soph.
876 2422 964 2453 Phil.
985 2430 1058 2452 221.

724 2473 736 2493 3
753 2475 802 2506 Cf.
821 2474 919 2515 Jebb‚
937 2473 1117 2514 Sophocles:
1140 2472 1231 2503 Phil.
1252 2482 1306 2513 pp.
1327 2470 1431 2508 xxxi.⁹
1450 2470 1549 2502 xxxii.

724 2525 737 2544 4
755 2526 857 2567 Soph.
877 2526 965 2556 Phil.
990 2533 1017 2563 Ι,
1038 2533 1067 2556 2.

725 2577 737 2596 ⁵
755 2578 857 2619 Soph.
877 2577 965 2608 Plzz'l.
987 2585 1061 2617 301,
1082 2583 1154 2617 305.

725 2628 738 2648 ⁶
755 2630 858 2670 Soph.
878 2629 967 2660 Phil.
988 2637 1062 2659 221.
