1931 3328
148 366 194 398 11.
216 367 264 405 (2)
453 366 690 399 RELIGION
723 365 785 398 OF
816 364 1109 398 SOPHOCLES.
1377 376 1422 401 21

146 475 208 516 ita
226 481 378 517 tamen
395 481 445 517 ut
461 476 719 530 tragoediae
737 475 862 530 quasi
880 472 1228 528 “compagem’'l
1249 477 1427 514 tantum

148 545 452 597 constituant;
494 559 583 586 non
622 546 740 586 enirn
778 546 867 586 iam
902 545 1016 586 inter
1052 544 1175 585 Deos
1211 548 1260 583 ut
1295 547 1431 582 antea

149 627 314 663 sumus,
336 615 413 655 sed
447 615 561 655 inter
591 614 796 656 homines
824 614 950 667 quasi
981 614 1039 654 de
1070 612 1195 654 coelo
1226 611 1431 653 videmur

150 684 442 725 descendisse.
506 685 628 725 Inter
649 684 951 724 Athenienses
980 696 1146 731 sumus,
1170 680 1324 722 Pericli
1346 679 1429 733 ipsi

150 754 369 807 aequales,
449 754 579 795 Nunc
615 768 713 795 cum
753 753 952 794 maxime
988 752 1192 793 homines
1229 764 1275 792 se
1311 751 1431 804 ipsos
1453 763 1512 789 The

1449 798 1474 823 Α
1480 806 1527 822 wa
1530 796 1637 828 kening

151 824 399 878 perspicere
420 830 630 877 totosque
656 829 841 872 tentare,
867 822 1029 863 mentis
1055 821 1248 875 denique
1280 820 1345 873 (ut
1370 819 1432 859 ita
1449 831 1486 862 of

151 893 367 934 translate
403 893 567 944 dicam)
609 892 868 934 “officinam
884 891 934 915 '⁷2
975 891 1242 944 investigare
1274 902 1432 942 coepe-
1451 866 1626 895 C⁰'‘⁸⁶²e⁷¹⁶⁶'’

151 969 277 1015 runt;
308 977 518 1017 magnam
541 964 632 1005 vim
662 962 959 1004 conscientiae
980 961 1102 1002 velut
1124 961 1167 1000 in
1190 965 1431 1013 conspectu

151 1033 368 1074 orientem
390 1034 616 1084 videmus;
639 1047 720 1074 nec
743 1032 830 1073 iam
849 1031 1055 1072 homines
1077 1030 1250 1079 invitos,
1265 1029 1433 1082 inopes,

152 1103 393 1157 impeditos
425 1104 469 1144 in
501 1117 682 1144 caecum
716 1102 904 1143 exitium
940 1115 986 1142 se
1017 1099 1297 1154 praecipitari
1330 1111 1434 1139 con-

153 1178 423 1226 queruntur3
474 1173 626 1222 immo,
673 1178 853 1213 auctore
899 1169 1135 1224 Sophocle,
1185 1168 1434 1209 didicerunt
1453 1183 1575 1210 andam

1425 1237 1434 1245 .
1454 1219 1481 1244 R
1485 1217 1645 1249 ecognz'tion

153 1256 308 1283 omnes
354 1256 442 1283 non
488 1243 571 1283 nisi
616 1256 695 1295 per
738 1241 848 1283 vitia
894 1240 1071 1281 fortuna
1122 1239 1308 1280 adversa
1353 1237 1607 1291 frulofoipsne

153 1311 369 1362 homines,
386 1313 581 1353 secunda
603 1326 691 1352 non
715 1311 797 1352 nisi
821 1324 898 1364 per
913 1307 1156 1351 virtutem.3
1210 1307 1435 1348 Iustitiam
1458 1288 1592 1319 Ju⁸t²⁶³³

152 1396 258 1423 vero
299 1396 521 1423 summam
569 1382 652 1422 Dis
699 1379 946 1434 Sophocles
988 1379 1155 1433 ubique
1200 1377 1436 1431 arrogavit.

157 1452 331 1493 Invitus
362 1452 613 1506 peccaverit
644 1451 832 1504 aliquis3

336 1549 439 1586 ἄκων
468 1548 498 1586 δ’
527 1547 705 1599 ἁμαρτὼν
734 1547 837 1587 οὔτις
866 1545 1074 1596 ἀνθρώπων
1104 1543 1250 1584 κακός.4

155 1643 223 1686 At
259 1645 471 1699 peccavit,
509 1658 655 1699 neque
692 1644 783 1685 ulla
819 1643 992 1684 ratione
1029 1646 1179 1695 potest
1215 1640 1323 1694 quin
1360 1653 1441 1694 pro

154 1721 340 1768 peccato
374 1728 544 1769 poenas
581 1713 800 1755 exsolvat.
864 1711 1070 1755 Oraculis
1113 1711 1291 1752 incaute
1333 1723 1441 1764 neg-

201 1893 213 1913 1
231 1895 282 1927 Cf.
314 1894 504 1938 Campbell,
532 1895 697 1936 Sophocles
716 1892 863 1934 (Green’s
897 1892 1056 1924 Classical
1085 1891 1245 1930 Writers),
1276 1901 1349 1932 cap.
1381 1890 1440 1929 iv.‚

159 1960 192 1991 p.
213 1958 265 1990 29.

201 2003 214 2023 2
224 2004 257 2037 S.
270 2004 511 2044 Lichtenstein,
521 2005 736 2045 Slzakespeare
745 2004 819 2035 und
825 2001 1052 2044 Sophocles&
1057 2002 1122 2043 50),
1134 2012 1164 2043 p.
1176 2010 1195 2032 2
1199 2007 1230 2042 5,
1247 2001 1359 2032 “Man
1369 1999 1449 2042 griff

158 2071 213 2091 zur
237 2060 308 2092 Zeit
331 2060 390 2092 des
410 2060 571 2099 Perikles,
590 2060 644 2091 die
667 2060 772 2091 sehon
791 2058 915 2090 wieder
934 2058 1054 2089 anders
1074 2057 1229 2098 gestaltet
1245 2056 1294 2087 als
1311 2055 1365 2087 die
1385 2055 1444 2086 der

160 2115 495 2157 Marathonkampfer
511 2115 642 2154 aussah,
661 2115 732 2147 sich
748 2114 850 2146 selbst
869 2114 963 2144 mehr
984 2113 1052 2144 und
1075 2112 1170 2143 mehr
1190 2111 1241 2143 ins
1262 2111 1353 2142 Herz
1376 2110 1444 2142 und

159 2170 193 2202 in
217 2170 272 2202 die
304 2171 493 2202 erstc'z'lte
514 2171 621 2202 seines
647 2169 788 2211 eigenen
815 2168 960 2207 Geistes,
986 2168 1104 2199 dessen
1128 2167 1310 2208 Vorgange
1333 2165 1444 2197 belau-

160 2225 285 2257 schend
323 2226 391 2257 und
433 2225 559 2268 selbige
593 2225 642 2257 als
680 2225 734 2257 ein
769 2222 1264 2256 menschheitlich-natiirliches
1295 2221 1444 2253 Damon-

160 2281 348 2322 erzeugnisz
363 2280 567 2313 erkennend.
575 2279 593 2294 ⁷’

204 2334 217 2354 3
233 2335 284 2368 Cf.
307 2335 412 2378 Soph.
432 2337 490 2367 Αἰ.
514 2335 596 2377 1085
613 2346 661 2377 sq.
680 2347 688 2367 ε

426 2391 534 2429 καὶμὴ
551 2391 690 2429 δοκῶμεν
708 2390 840 2430 δρῶντες
857 2390 895 2420 ἃν
912 2388 1062 2427 ἡδώμεθα

426 2447 482 2477 οὐκ
498 2446 672 2477 ἀντιτίσειν
690 2446 777 2477 αὖθις
794 2446 832 2476 ἃν
850 2444 1037 2482 λυπώμεθα.

162 2500 292 2541 Quibus
313 2501 461 2532 versibus
479 2501 627 2540 adducti,
648 2500 703 2532 vix
724 2510 898 2542 possumus
914 2498 994 2540 quin
1017 2498 1078 2529 hos
1099 2496 1199 2529 etiam
1216 2495 1320 2528 nostri
1338 2495 1445 2529 Shak-

161 2555 261 2598 sperii
278 2556 391 2598 (Isz'ng
402 2557 500 2596 ζέαν,
520 2557 562 2589 V.
583 2556 629 2589 iii.
653 2563 725 2596 170,
748 2556 822 2595 171)
840 2554 1069 2586 conferamus:

392 2613 416 2628 “
427 2611 501 2643 The
517 2612 601 2653 gods
617 2622 672 2643 are
685 2611 766 2653 just,
785 2610 850 2642 and
867 2610 905 2641 of
917 2620 976 2641 our
993 2609 1144 2650 pleasant
1159 2607 1250 2639 vices

424 2666 530 2698 Make
544 2667 762 2699 instruments
778 2670 813 2698 to
829 2675 967 2706 scourge
984 2662 1060 2696 us.”

208 2719 222 2739 ‘¹
238 2721 342 2764 Soph.
363 2721 499 2764 Fragm.
520 2722 585 2762 604
603 2721 745 2763 (=582).
