2013 3328
342 514 419 538 Phil.

343 861 412 887 0.C.

560 324 611 371 84
823 321 1103 355 SOPHOCLES
1135 321 1238 354 AND
1269 322 1564 355 SHAKSPERE.
1695 323 1761 355 ΙΙΙ.
1784 323 1831 363 (9)

561 445 724 479 amnes,
747 438 886 480 antra,
908 430 1055 479 silvae,
1077 431 1228 472 omnia
1255 431 1337 472 sibi
1369 432 1477 472 mira
1506 432 1698 484 quadam
1728 445 1832 472 con-

559 501 794 542 suetudine
824 499 1087 541 coniuncta.1
1154 500 1274 554 Quid
1307 501 1452 541 dicam
1485 501 1541 541 de
1575 501 1834 550 Philocteta,

559 571 634 623 qui
677 571 733 611 ab
778 570 985 610 omnibus
1036 569 1287 620 destitutus,
1330 570 1548 611 montium
1600 569 1831 611 fluviorum

560 639 707 680 avium
740 639 930 679 ferarum
957 639 1237 679 consortione
1264 652 1342 692 per
1367 639 1521 679 decem
1551 652 1690 680 annos
1719 640 1832 680 adeo

559 722 606 749 se
627 708 882 749 consolatur
903 713 951 749 ut
977 721 1064 748 non
1088 707 1183 748 sine
1208 708 1426 748 desiderio
1451 721 1627 748 summo
1648 708 1830 749 tandem

559 777 680 818 abire
706 776 895 831 possit?2
946 777 1041 818 Nec
1070 777 1256 817 nimium
1281 776 1551 830 Sophoclem
1578 777 1833 818 collaudare

558 860 803 900 possumus,
814 846 932 900 quod
949 846 992 886 in
1009 846 1244 899 Oedipode
1258 846 1455 888 Coloneo
1470 853 1674 887 naturam
1689 847 1831 900 ipsam

559 916 735 957 fabulae
786 922 879 957 tam
931 915 1130 956 studiose
1172 916 1483 966 coniunxerit;
1534 915 1832 968 tranquillitas

557 985 677 1026 enirn
719 985 843 1038 quasi
885 985 1035 1025 divina
1075 985 1272 1038 undique
1313 991 1511 1038 apparet,
1547 986 1666 1035 dum,
1697 985 1833 1038 longo

559 1054 699 1095 fessus
740 1054 907 1102 itinere,
947 1067 1087 1094 senex
1131 1052 1332 1107 Oedipus
1383 1054 1628 1107 ingreditur
1677 1067 1834 1094 nemus

559 1123 669 1164 illud
713 1123 1014 1163 Eumenidum
1051 1136 1300 1172 amoenum,
1337 1123 1471 1163 lauris
1507 1123 1671 1164 vitibus
1708 1123 1833 1164 olivis

559 1192 852 1246 pulcherrime
880 1192 1111 1241 consitum,
1136 1193 1253 1233 unde
1281 1193 1424 1245 primo
1456 1193 1543 1233 iam
1572 1206 1674 1233 vere
1701 1205 1833 1233 voces

558 1262 841 1302 suavissimas
882 1260 1117 1301 effundunt
1153 1261 1416 1312 lusciniae33
1456 1262 1602 1302 omnis
1642 1261 1834 1314 denique

558 1337 716 1372 natura
746 1330 984 1371 serenitate
1015 1329 1192 1370 insolita
1220 1330 1301 1370 frui
1337 1330 1523 1380 videtur,
1551 1344 1666 1384 quae
1698 1329 1834 1371 Oedi-

559 1401 677 1454 podi,
722 1400 778 1441 ad
824 1414 959 1440 unam
1001 1413 1204 1441 curarum
1246 1400 1440 1453 requiem
1493 1406 1537 1440 et
1581 1406 1832 1440 extremam

560 1471 713 1510 mortis
744 1470 931 1523 gloriam
966 1475 1151 1518 attento,
1184 1469 1408 1522 praeclare
1443 1469 1661 1511 convenit.
1721 1469 1834 1523 Quis

560 1540 694 1580 etiam
731 1539 928 1579 oblivisci
964 1539 1115 1592 possit,
1147 1544 1314 1592 quanto
1348 1552 1509 1589 amore,
1543 1544 1712 1592 quanta
1747 1538 1833 1579 ele-

557 1608 722 1661 gantia,
747 1608 904 1650 Coloni
934 1607 1030 1648 sui4
1061 1608 1356 1648 amoenitates
1384 1613 1519 1661 poeta
1547 1607 1833 1649 celebraverit

560 1679 603 1719 in
627 1678 702 1719 illo
724 1678 950 1728 carmine,5
971 1692 1058 1731 quo
1085 1678 1302 1719 iudicibus
1328 1678 1465 1719 semel
1494 1679 1689 1727 recitato,
1718 1678 1831 1719 desi-

561 1748 754 1801 pientiae
779 1748 960 1788 crimine
985 1747 1136 1788 statim
1164 1747 1219 1788 ab
1246 1747 1452 1788 omnibus
1478 1747 1687 1789 liberatus
1712 1753 1780 1788 est
1796 1747 1835 1789 ?⁶

562 1817 681 1871 Quid
735 1817 926 1870 denique
968 1817 1113 1858 dicam
1156 1817 1211 1857 de
1262 1817 1489 1869 grandinis
1531 1817 1736 1870 procella,
1777 1817 1833 1858 de

561 1887 744 1940 fulgure,
772 1887 828 1927 de
858 1891 985 1928 tanto
1011 1887 1201 1927 tonitrus
1231 1885 1432 1939 fragore‚⁷
1457 1887 1576 1928 unde
1608 1886 1831 1940 Oedipodi

605 2005 617 2025 1
633 2006 709 2037 Vid.
731 2005 833 2047 Soph.
854 2006 911 2037 Ai.
930 2011 1086 2046 412—415,
1105 2012 1261 2045 417-422‚
1281 2005 1354 2046 859.

604 2060 617 2079 2
633 2061 709 2092 Vid.
730 2060 833 2102 Soph.
853 2061 942 2092 Phil.
962 2061 1037 2101 936,
1055 2067 1135 2101 1452
1152 2070 1223 2101 sqq.

604 2114 617 2134 3
634 2115 736 2157 Soph.
766 2115 839 2146 Oed.
868 2115 934 2146 Col.
963 2114 1069 2146 16-18.
1119 2115 1297 2155 Eleganter
1317 2114 1414 2156 Jebb,
1438 2114 1617 2155 Sophocles:
1644 2115 1718 2147 Oed.
1749 2114 1830 2152 Col„

563 2182 593 2212 p.
615 2170 668 2202 xii.
687 2182 694 2201 :
722 2169 867 2201 “While
884 2170 939 2200 the
958 2180 1049 2200 snow
1068 2169 1134 2200 still
1155 2169 1276 2210 lingers
1291 2179 1334 2199 on
1354 2169 1409 2200 the
1425 2169 1547 2200 distant
1562 2169 1638 2200 hills
1655 2171 1698 2208 (v.
1722 2169 1831 2207 1060),

563 2226 617 2256 the
644 2235 726 2266 song
756 2224 793 2255 of
822 2235 921 2265 many
945 2224 1165 2265 nightingales
1195 2224 1221 2255 is
1251 2224 1384 2265 already
1409 2224 1511 2255 heard
1541 2223 1623 2254 from
1655 2224 1711 2255 the
1742 2223 1831 2255 thick

562 2284 673 2312 covert
695 2279 733 2311 of
759 2278 823 2310 this
845 2289 945 2320 grove
969 2278 1004 2310 in
1029 2279 1082 2310 the
1105 2278 1197 2310 Attic
1220 2278 1309 2320 plain
1322 2277 1341 2292 ’³
1366 2279 1431 2317 (vv.
1460 2284 1509 2317 17,
1538 2278 1608 2316 18);
1638 2280 1722 2309 “we
1744 2288 1832 2309 seem

563 2340 597 2366 to
620 2335 754 2366 breathe
776 2334 831 2365 the
846 2333 894 2365 air
909 2333 946 2364 of
961 2344 980 2365 a
995 2333 1104 2374 bright
1126 2334 1209 2364 calm
1232 2333 1295 2374 day
1315 2337 1349 2364 at
1370 2333 1425 2363 the
1446 2332 1625 2374 beginning
1645 2332 1682 2363 of
1702 2332 1833 2373 April.”

607 2389 619 2408 ⁴
636 2390 675 2420 In
696 2388 827 2420 Atticae
848 2399 933 2430 pago
954 2388 1083 2420 Colono
1104 2392 1199 2418 natus
1215 2393 1263 2418 est
1286 2387 1466 2428 Sophocles
1484 2387 1627 2425 (Suidas,
1645 2397 1706 2418 s.v.
1729 2388 1830 2425 Σοφο-

563 2445 638 2482 κλῆς
653 2444 888 2482 ε-Σοφοκλῆς,
909 2444 1062 2481 Σοφίλου,
1082 2443 1286 2479 Κολωνῆθεν,
1307 2441 1498 2479 Ἀθηναῖος).

607 2496 619 2515 ⁵
636 2497 738 2538 Soph.
763 2497 834 2528 Θεό.
858 2497 924 2528 Col.
944 2496 1008 2527 668
1024 2507 1095 2537 sqq.

606 2550 619 2570 ¹3
635 2551 704 2583 Cic.
724 2552 777 2582 De
791 2552 961 2588 Senectute,
981 2551 1049 2587 vii„
1068 2552 1084 2588 ἓ
1101 2559 1153 2581 22.

605 2605 618 2626 7
634 2606 710 2637 Vid.
732 2606 833 2647 Soph.
858 2606 930 2637 Oed.
955 2606 1018 2637 Col.
1044 2605 1137 2646 1456,
1160 2604 1252 2645 1463,
1275 2604 1368 2643 1464,
1390 2604 1483 2644 1466,
1506 2603 1599 2643 1482,
1622 2610 1714 2644 1503,
1737 2610 1830 2644 1504,

567 2665 659 2699 1514,
683 2664 775 2697 1515,
800 2657 890 2689 1606.
