1931 3328
133 369 180 402 11.
201 370 249 408 (2)
356 370 524 402 GREEK
550 370 725 403 DRAMA
750 371 778 403 δε
804 371 972 404 GREEK
993 371 1220 405 HISTORY.
1364 386 1411 423 19

131 479 444 522 adiuvantibus
486 481 529 522 in
571 486 664 523 tam
707 481 898 524 sublime
939 481 1167 536 fastigium
1205 481 1411 524 venisset.

133 549 460 600 Recordamini,
493 565 672 605 quaeso,
705 557 956 606 temporum
994 551 1170 593 illorum
1207 552 1412 594 rationes.

132 618 356 673 Tyrannis
387 620 571 661 tandem
604 621 788 670 exactis,
816 620 944 675 plebs
975 627 1070 662 erat
1099 621 1196 675 ipsa
1223 621 1599 674 VictriX3Expulsi0n

131 702 268 743 penes
290 689 410 743 ipsos
436 690 555 731 cives
578 690 665 731 iam
689 704 864 732 summa
890 704 1059 742 rerum,
1090 691 1410 745 rempublicam
1430 672 1575 744 (ἥξω,

132 758 258 811 plebs
275 760 371 813 ipsa
388 761 664 813 procurabat.
731 761 962 801 Praeterea
979 760 1182 814 singulae
1201 760 1414 802 Graeciae
1432 739 1605 805 ἷὲἶῖιῖζίῆἒ

131 828 335 870 civitates
372 829 495 871 nullo
536 830 651 871 inter
691 843 738 871 se
778 830 957 871 vinculo
998 836 1101 872 sunt
1139 830 1415 881 coniunctae,

132 898 250 939 unde
287 912 466 940 necesse
502 906 597 940 erat
628 906 677 940 ut
713 900 905 941 civitatis
941 913 1048 941 suae
1084 899 1216 941 saluti
1252 900 1412 941 civium

131 969 434 1022 unusquisque
456 970 604 1010 studio
628 983 762 1023 quam
787 969 990 1010 maximo
1011 970 1206 1019 serviret,
1228 983 1284 1010 ne
1306 970 1413 1023 quid

131 1038 388 1079 detrimenti
426 1039 703 1081 extrinsecus
745 1045 933 1093 caperet.
997 1039 1100 1080 Non
1144 1040 1239 1080 sine
1281 1053 1415 1081 causa

131 1108 251 1161 apud
274 1108 586 1162 Thucydidem
603 1108 617 1133 ¹
640 1109 696 1150 de
712 1109 1067 1150 Atheniensibus
1090 1110 1152 1150 ita
1171 1108 1413 1151 Corinthii:

130 1182 222 1225 τοῖς·
255 1176 331 1231 μὲν
367 1178 561 1231 σώμασιν
592 1176 973 1235 ἀλλοτριωτάτοις
1005 1176 1114 1235 ὑπὲρ
1145 1183 1218 1232 τῆς
1250 1177 1415 1227 πόλεως

130 1250 333 1304 χρῶνταῃ
372 1247 425 1304 τῇ
469 1249 614 1305 γωώμῃ
655 1246 699 1292 δὲ
740 1248 983 1304 οᾶαοτάτῃ
1023 1248 1063 1296 ἐς
1103 1247 1159 1293 τὸ
1201 1247 1416 1305 πράσσων

131 1337 176 1362 τι
208 1316 316 1375 ὑπὲρ
338 1318 473 1370 αὐτῆς.
538 1319 719 1361 Civitati
750 1319 955 1373 denique,
978 1332 1065 1360 non
1101 1319 1183 1360 sibi
1213 1319 1412 1372 quisque,

131 1401 308 1442 semper
338 1387 661 1430 consulebant.2
722 1388 893 1430 Studiis
925 1402 1030 1430 vero
1062 1389 1262 1429 omnium
1300 1389 1414 1429 adeo

131 1458 339 1499 excitatis
368 1464 464 1499 tum
495 1459 694 1500 maxime
723 1458 917 1500 tumultu
948 1459 1167 1499 immenso
1196 1458 1415 1500 irruerunt
1431 1466 1502 1498 and,

131 1527 317 1569 barbari.
400 1528 520 1582 Quid
568 1529 713 1570 dicam
765 1529 822 1570 de
874 1528 1153 1577 Marathone,
1199 1528 1307 1582 quid
1359 1528 1415 1570 de
1432 1501 1617 1561 ῗῖἶέῗὲνῖξῖἇη

133 1597 373 1648 Salamine,
434 1598 541 1653 quid
603 1598 797 1653 denique
858 1598 914 1639 de
972 1598 1200 1639 Plataeis?
1277 1597 1414 1640 Grae·
1438 1569 1535 1595 ΨΜ

130 1681 297 1717 corum,
324 1669 462 1709 totius
493 1668 629 1710 etiarn
664 1669 884 1722 Europae,
917 1674 1092 1709 servata
1124 1673 1191 1709 est
1222 1667 1412 1709 libertas

133 1738 238 1780 Una
262 1738 481 1779 tolluntur
511 1738 567 1779 de
598 1738 716 1779 vitae
748 1738 1066 1779 acerbitatibus
1098 1737 1415 1791 querimoniae.

133 1807 265 1848 Esset
306 1815 354 1848 ut
400 1821 535 1861 quam
583 1808 801 1849 rationem
849 1808 906 1849 de
951 1807 1049 1861 ipsa
1094 1807 1185 1848 vita
1230 1807 1415 1848 reddere

131 1883 369 1931 oporteret,
402 1877 558 1932 quales
594 1883 638 1919 et
675 1879 750 1931 qui
783 1883 931 1918 essent
964 1877 1061 1931 ipsi,
1095 1877 1214 1918 unde
1248 1882 1292 1917 et
1324 1890 1414 1930 quo

131 1948 516 2002 progrederentur,
549 1948 657 2002 quid
693 1948 886 2001 denique
927 1947 1095 1989 vellent
1132 1947 1231 1998 Dei,
1268 1946 1414 1989 adhuc

131 2030 221 2058 non
250 2018 357 2059 satis
383 2017 722 2071 intellegerent;
754 2024 800 2058 at
828 2018 947 2058 vitae
976 2017 1114 2071 ipsius
1146 2016 1412 2070 dignitatem

129 2093 226 2128 tum
269 2087 461 2141 primum
503 2093 762 2141 cognorant.
823 2087 959 2129 Vitae
1004 2087 1137 2141 igitur
1177 2087 1411 2127 veritatem

130 2157 174 2197 in
226 2171 359 2198 scena
398 2157 652 2211 expositam
696 2157 856 2198 intueri
888 2156 1020 2198 valde
1061 2157 1268 2206 avebant,
1310 2169 1411 2197 cum

130 2227 329 2268 maxime
361 2227 404 2267 in
438 2227 635 2268 medium
668 2226 882 2281 processit
914 2225 1200 2280 Aeschylus,3

174 2338 351 2380 1Thucyd.
372 2339 399 2371 Ι.
421 2339 502 2377 lxx.‚
521 2340 538 2378 ἓ
554 2339 584 2371 6.

172 2393 185 2413 2
198 2394 237 2426 C.
254 2394 428 2426 Thirlwall
441 2393 475 2425 in
494 2394 561 2425 lee
570 2394 786 2436 Philologz'cal
802 2394 969 2433 leeum,
985 2393 1049 2425 vol.
1073 2393 1120 2425 11.
1139 2392 1266 2434 (1833),
1284 2404 1316 2434 p.
1334 2399 1409 2434 533,

132 2449 360 2491 “According
389 2454 472 2482 to...
489 2449 545 2481 the
577 2448 672 2491 spirit
699 2449 737 2481 of
757 2449 813 2481 the
839 2449 950 2481 Greek
976 2448 1179 2480 institutions
1246 2448 1302 2480 the
1328 2448 1412 2479 indi-

129 2503 241 2536 vidual
269 2503 357 2536 lived
387 2504 466 2546 only
492 2504 526 2535 in
553 2504 619 2536 and
650 2503 699 2535 for
730 2504 786 2536 the
821 2503 940 2537 state.'’
999 2503 1076 2535 Vid.
1111 2503 1211 2534 etiam
1251 2502 1410 2545 Scriptor.

130 2559 242 2592 Anon.
276 2559 311 2591 in
347 2559 414 2591 lee
442 2559 644 2601 Edinburglz
671 2560 813 2599 Review,
844 2560 908 2591 vol.
945 2559 1091 2598 XXVI.,
1126 2559 1227 2591 Num.
1264 2564 1317 2599 51,
1350 2568 1407 2600 pp.

130 2621 186 2688 ΒΞ
197 2620 251 2701 g?
282 2669 471 2711 Cmnpbell,
500 2669 665 2711 Sophocles
693 2668 840 2708 (Grem’s
866 2668 1025 2701 Classical
1055 2669 1219 2708 lVrz'ters),
1246 2679 1318 2709 cap.
1349 2668 1410 2706 iii„

131 2735 187 2766 pp.
212 2732 262 2765 19,
283 2733 335 2757 20.
