1931 3328
148 330 193 362 ΙΙ·
215 331 263 371 (3)
405 330 603 364 CHORUS
635 329 697 362 OF
729 329 896 362 GREEK
926 329 1168 361 TRAGEDY.
1376 341 1424 379 33

146 441 309 482 sentire
340 440 557 490 volumus,
581 440 624 481 id
657 440 821 481 sentire
852 438 1117 494 possumus.l
1179 437 1299 493 Quid
1331 438 1427 492 ipse

147 510 204 552 de
239 511 344 559 vita,
380 510 486 564 quid
525 510 581 551 de
619 510 959 551 immortalitate
995 509 1189 558 sentiret,
1223 522 1310 549 non
1349 522 1427 548 ex-

147 581 305 635 posuit.
369 580 552 634 Optime
586 581 643 621 de
679 580 755 621 illo
791 579 1022 621 Arnoldus
1058 586 1238 620 noster:

255 677 429 713 “Others
456 677 568 713 abide
593 689 660 712 our
685 677 867 723 question.
920 677 1030 712 Thou
1056 682 1113 711 art
1139 676 1225 712 free.

290 738 361 772 We
387 736 456 772 ask
481 737 556 771 and
582 737 810 772 ask—Thou
837 736 981 772 smilest
1006 735 1082 771 and
1108 742 1165 771 art
1191 735 1277 779 still,

290 796 543 842 Out-topping
567 795 822 841 knowledge.⁷'
834 799 847 819 2

149 883 274 924 Idem
299 889 451 925 tamen
478 882 790 937 Shaksperius,
812 894 944 936 quem
968 894 1085 922 nunc
1107 881 1151 921 in
1174 879 1427 934 tragoediis,

146 954 265 995 vitae
301 954 482 995 tristitia
522 966 702 1007 prorsus
738 952 993 1002 attonitum,
1029 951 1156 1004 quasi
1192 950 1288 991 “de
1329 963 1428 1003 pro-

147 1024 296 1065 fundis
313 1023 363 1048 ”3
413 1023 684 1065 clamantem
737 1022 955 1070 audimus,
1007 1034 1116 1062 mox
1169 1020 1295 1074 quasi
1346 1019 1429 1060 “in

147 1107 347 1135 serenam
377 1094 597 1135 montium
626 1093 913 1134 altitudinem
928 1090 979 1114 ”4
1004 1090 1160 1140 elatus,
1181 1090 1286 1131 inde
1312 1103 1431 1130 sum-

146 1178 266 1205 mam
281 1164 466 1218 praebet
480 1163 846 1204 consolationem.
891 1161 1093 1214 Caligine
1107 1160 1174 1213 (ut
1189 1160 1251 1201 ita
1265 1159 1428 1211 dicam)

146 1235 345 1276 discussa
367 1233 544 1283 diluxit,
566 1246 725 1287 purum
753 1237 879 1286 patet
901 1231 1065 1284 ubique
1087 1229 1274 1271 coelum.
1341 1229 1431 1283 Qui

146 1318 287 1358 nuper
323 1304 366 1344 in
404 1303 645 1356 tragoediis
681 1302 898 1356 quidquid
934 1306 1029 1341 erat
1064 1299 1183 1350 mali,
1214 1298 1431 1352 quidquid

147 1374 309 1423 iniusti,
352 1373 569 1427 quidquid
611 1372 801 1413 crudelis
846 1375 1184 1419 monstraverat,
1223 1369 1343 1410 idem
1387 1369 1430 1410 in

146 1443 307 1485 fabulis
343 1441 647 1484 ‘romanticis'
684 1442 820 1495 (quae
851 1440 1082 1491 vocantur)
1119 1439 1243 1493 quasi
1278 1438 1430 1480 divino

144 1514 300 1568 spiritu
330 1513 565 1554 instinctus
593 1512 917 1566 benignitatem
946 1510 1031 1551 Dei
1060 1515 1290 1551 aeternam
1313 1522 1430 1550 nunc

144 1583 329 1625 tandem
353 1583 575 1637 cognovit.

203 1693 351 1735 Venio
382 1692 575 1746 denique
606 1691 664 1732 ad
697 1691 892 1739 chorum,
923 1704 1012 1744 quo
1042 1688 1165 1731 nulla
1196 1688 1428 1743 tragoedia

1501 1705 1541 1731 11.
1556 1705 1596 1746 (3)

1450 1739 1508 1764 lee
1520 1742 1639 1766 anczent

143 1763 328 1817 antiqua
357 1776 505 1804 carere
534 1768 721 1816 poterat.
785 1761 905 1816 Quid
936 1761 1159 1814 grandius,
1189 1760 1296 1813 quid
1325 1759 1427 1800 sub-
1447 1774 1560 1800 Chorus

143 1833 303 1883 limius,
331 1833 374 1874 in
408 1846 536 1874 aures
567 1833 749 1886 quidem
784 1831 977 1873 Graecas
1005 1829 1127 1871 chori
1157 1830 1428 1871 carminibus

141 1903 312 1957 antiqui
340 1903 533 1944 incidere
556 1902 703 1956 potuit
723 1902 737 1943 ?
798 1902 1089 1955 Tragicorum
1113 1901 1232 1942 enim
1256 1900 1427 1949 chorus,

142 1979 191 2014 ut
224 1974 393 2027 optime
427 1973 489 2014 ait
522 1971 738 2026 quidam,5
775 1970 1103 2012 “sanctissimis
1137 1971 1273 2012 animi
1309 1970 1425 2011 furo-

142 2043 275 2091 ribus,
296 2043 554 2096 plenissima
580 2056 631 2083 ac
653 2041 911 2083 dulcissima
932 2055 1053 2090 voce,
1075 2053 1251 2082 summa
1277 2046 1425 2081 motus

142 2113 373 2167 dignitate,
396 2118 440 2154 et
462 2112 667 2153 sollemni
690 2112 885 2166 quadam
915 2111 1168 2161 saltatione,
1188 2110 1423 2151 verborum

186 2241 289 2274 lNon
314 2241 433 2273 iniuria
460 2241 501 2273 de
529 2241 731 2283 Shaksperio
760 2241 904 2282 Stapfer,
929 2246 978 2282 op.
1006 2240 1073 2278 cit„
1102 2250 1175 2281 cap.
1203 2249 1252 2278 x.,
1280 2250 1312 2281 p.
1338 2246 1423 2281 235:

143 2298 273 2329 “Nous
300 2303 428 2329 restons
450 2297 549 2328 libres
576 2307 656 2328 avec
684 2297 730 2328 lui
756 2297 798 2328 de
825 2296 930 2328 croire
955 2306 992 2328 ce
1014 2306 1079 2338 que
1102 2306 1186 2327 nous
1210 2295 1373 2333 voulons;
1402 2295 1424 2326 il

140 2352 318 2391 n'exeerce,
345 2353 378 2384 ni
402 2363 456 2384 sur
480 2363 540 2384 nos
564 2352 759 2384 sentiments
782 2351 941 2393 religieux
965 2361 1007 2383 en
1031 2349 1176 2392 general,
1198 2351 1233 2381 ni
1254 2361 1308 2382 sur
1329 2355 1424 2382 notre

138 2407 183 2439 foi
201 2406 448 2449 ecclesiastique
466 2405 686 2449 particuliere,
706 2418 833 2439 aucune
850 2411 936 2438 sorte
953 2407 995 2438 (le
1012 2406 1160 2448 pression
1176 2405 1402 2448 importune.''

183 2460 196 2479 2
212 2462 375 2493 Matthew
393 2462 536 2500 Arnold‚
556 2461 780 2503 Shakespeare,
805 2469 866 2502 1-3.

181 2514 194 2534 3
213 2517 317 2548 “Out
339 2517 377 2547 of
395 2517 452 2548 the
476 2515 632 2558 depths‚”
658 2516 824 2555 Dowden,
857 2516 1036 2558 Slzalespere
1065 2515 1238 2554 (Pm'mer),
1265 2526 1336 2557 cap.
1372 2526 1419 2553 v.‚

141 2583 172 2613 P·
196 2578 246 2612 59-

179 2625 192 2644 4
207 2627 229 2642 “
241 2626 296 2658 On
316 2627 372 2657 the
389 2625 557 2667 heights‚’'
579 2626 745 2664 Dowden,
764 2625 943 2667 Slmlespere
959 2626 1132 2664 (Primer),
1152 2636 1224 2666 cap.
1246 2635 1290 2663 v.‚
1312 2636 1348 2666 1).
1365 2625 1416 2656 60.

182 2680 195 2699 5
210 2682 444 2720 Lee-Warner,
463 2686 511 2722 op.
531 2681 597 2718 cit„
618 2692 649 2722 p.
671 2680 700 2712 8.

774 2744 795 2766 C
