2013 3328
562 322 581 346 2
834 307 1112 340 SOPHOCLES
1139 306 1242 338 AND
1270 306 1564 339 SHAKSPERE.
1737 305 1764 336 I.
1785 305 1833 344 (1)

557 416 694 457 iactat
732 416 914 470 Anglia,
955 416 991 457 si
1036 416 1143 470 quid
1194 415 1449 457 mortalium
1493 422 1665 457 mentes
1709 428 1828 456 com-

557 490 706 526 movet
751 485 843 526 sive
888 485 1081 526 delectat
1128 485 1219 526 sive
1265 485 1449 539 repellit,
1495 485 1647 525 omnia
1692 497 1827 538 quam

557 554 686 595 variis
716 560 809 595 tam
841 554 971 595 claris
1003 554 1223 595 coloribus
1253 554 1398 595 solent
1428 552 1646 608 depingi.''

617 623 743 664 Haec
763 623 900 664 verba
921 624 1023 664 licet
1045 623 1274 677 Aeschylo
1296 624 1445 677 potius
1462 637 1596 677 quam
1617 622 1829 676 Sophocli

556 693 834 742 conveniant,
877 693 985 734 satis
1032 698 1184 734 tamen
1237 693 1468 746 perspicue
1519 693 1830 734 demonstrant

558 768 727 816 quanta
773 762 830 803 sit
882 762 995 803 inter
1043 768 1182 803 artem
1234 763 1449 816 tragicam
1503 762 1733 815 antiquam
1785 767 1830 802 et

558 831 845 872 recentiorem
877 831 1101 881 distantia,
1123 837 1292 884 quanta
1322 832 1632 885 discrepantia.
1694 830 1830 872 Cuius

557 901 617 941 rei
658 914 791 942 causa
825 914 940 954 quae
977 901 1044 950 sit,
1083 901 1210 942 nobis
1246 907 1313 942 est
1348 901 1558 954 deinceps
1593 900 1830 954 exquiren-

556 969 675 1010 dum.
753 969 855 1024 Quo
891 970 1222 1010 exercitationis
1263 969 1554 1011 fundamento
1591 974 1831 1019 exstructo,

555 1038 726 1080 facilius
777 1039 1048 1093 Sophoclem
1101 1040 1246 1093 ipsum
1299 1046 1343 1080 et
1396 1038 1717 1092 Shaksperium
1769 1039 1832 1079 ita

556 1109 902 1159 aestimabimus,
919 1115 966 1150 ut
988 1109 1084 1150 laus
1106 1123 1185 1150 sua
1207 1109 1381 1162 utrique
1403 1109 1579 1162 proprie
1600 1108 1830 1149 tribuatur.

556 1177 780 1231 Tempora
823 1184 996 1219 mutata
1043 1184 1146 1219 sunt
1160 1193 1169 1229 3
1224 1192 1361 1232 quare
1407 1179 1463 1219 ad
1507 1184 1710 1232 tempora
1756 1176 1832 1217 illa

557 1253 601 1288 et
647 1260 790 1288 mores
836 1247 1114 1301 antiquitatis
1160 1247 1241 1287 nisi
1288 1261 1422 1301 quam
1470 1247 1669 1288 maxime
1709 1247 1832 1287 rede-

558 1329 696 1365 amus,
747 1322 865 1358 recte
914 1316 1156 1357 diiudicare
1207 1316 1328 1357 nulla
1379 1317 1549 1357 ratione
1599 1316 1831 1369 possimus.

560 1384 672 1438 Quis
722 1386 840 1426 enim
891 1386 1118 1440 principiis
1168 1399 1326 1439 parum
1377 1386 1568 1440 cognitis
1628 1392 1831 1427 extrema

560 1461 709 1508 potest
745 1455 1033 1509 intellegere?

1184 1661 1214 1701 Ι.

641 1769 925 1803 TRAGEDY:
964 1768 1044 1803 ITS
1075 1769 1316 1803 ESSENCE
1342 1769 1455 1803 AND
1488 1769 1567 1804 ITS
1597 1769 1758 1803 FORM.

348 1876 543 1936 Thelhgssnoe
622 1872 673 1912 In
701 1872 852 1925 primis
874 1879 1035 1922 autem,
1056 1873 1197 1926 qualis
1220 1873 1276 1914 sit
1298 1874 1395 1927 ipsa
1417 1873 1669 1927 Tragoedia
1692 1874 1830 1914 mani-

342 1944 379 1976 0f
388 1945 414 1970 T
413 1944 529 1976 ragedy·
561 1941 674 1982 festo
691 1942 991 1994 quaerendum
1015 1948 1081 1982 est
1100 1957 1108 1993 ;
1140 1942 1300 1983 frustra
1322 1943 1439 1983 enim
1458 1943 1514 1983 ad
1536 1943 1729 1996 speciem
1748 1943 1829 1983 nisi

560 2024 638 2063 per
670 2011 920 2050 universum
957 2011 1102 2064 poesis
1135 2025 1276 2064 genus
1308 2011 1576 2052 descendere
1608 2025 1830 2052 conemur.

341 2085 510 2146 ‘ffiirssfffle's
561 2078 681 2132 Quid
699 2093 802 2132 ergo
819 2079 876 2119 de
893 2079 1143 2133 Tragoedia
1161 2081 1222 2121 ait
1239 2080 1508 2121 Aristoteles
1524 2081 1538 2121 ?
1583 2078 1745 2124 ’Έστιν
1761 2080 1831 2123 οὖν

560 2147 782 2204 τραγῳδία
821 2147 991 2201 μίμησις
1031 2147 1222 2204 πράξεως
1266 2148 1499 2196 σπουδαίας
1543 2147 1608 2192 καὶ
1653 2148 1832 2198 τελείας,

558 2217 742 2273 μέγεθος
791 2217 979 2273 ἐχούσης,
1029 2218 1238 2275 ἡδυσμένῳ
1289 2218 1422 2275 λόγῳ,
1474 2217 1602 2275 χωρὶς
1645 2217 1831 2262 ἑκάστου

559 2289 644 2331 τῶν
673 2287 786 2330 εἱδῶν
816 2287 859 2331 ἐν
889 2292 981 2335 τοῖς
1010 2287 1190 2344 μορίοις,
1212 2289 1403 2344 δρώντων
1433 2287 1499 2332 καὶ
1528 2289 1575 2331 οὗ
1606 2289 1656 2331 δι’
1686 2287 1830 2344 ἀπαγ-

560 2355 716 2411 γελίας,
759 2357 806 2399 δι’
848 2356 969 2400 ἐλέου
1017 2355 1082 2400 καὶ
1125 2357 1272 2412 φόβου
1322 2357 1581 2413 περαίνουσα
1631 2355 1706 2409 τὴν
1746 2359 1832 2400 τῶν

559 2425 765 2470 τοιούτων
786 2425 1050 2479 παθημάτων
1070 2426 1309 2482 κάθαρσιν,1
1340 2434 1383 2468 et
1414 2433 1651 2480 praeterea,
1674 2428 1695 2478 ἡ
1723 2446 1830 2482 τρα-

559 2494 691 2551 γῳδία
727 2494 898 2548 μίμησίς
933 2495 1050 2540 ἐστιν
1087 2496 1159 2539 οὐκ
1195 2495 1428 2552 ἀνθρώπων
1458 2496 1576 2540 ἀλλὰ
1611 2494 1831 2551 πράξεως.2

857 2592 1019 2625 1Arist0t.
1047 2594 1132 2625 Poet.
1160 2593 1219 2632 vi.‚
1237 2595 1254 2632 ἓ
1270 2602 1302 2632 2,
1321 2604 1352 2635 p.
1378 2602 1459 2634 1449
1471 2601 1502 2625 Β.

857 2644 1020 2678 2Arist0t.
1040 2646 1126 2677 poet.
1147 2645 1204 2684 vi.‚
1224 2646 1289 2687 ξι),
1309 2656 1339 2687 p.
1365 2652 1447 2686 1450
1459 2654 1493 2678 Α.
