1931 3328
214 340 317 379 II.(9)
341 341 509 373 GREEK
525 341 758 375 TRAGEDY
775 342 895 375 VOID
913 343 975 376 OF
992 343 1145 376 COMIC
1164 344 1408 376 ELEMENT.
1443 356 1490 395 55

214 462 394 492 necesse
424 457 520 493 erat
548 457 596 493 ut
625 451 905 506 Tragoediae
934 453 1047 495 ratio
1075 453 1208 494 simul
1239 459 1495 495 mutaretur.

215 520 552 562 Dissimillimae
584 536 688 576 ergo
724 522 958 576 Sophoclis
990 529 1036 564 et
1069 523 1328 577 Shaksperii
1363 530 1491 575 artes,

214 590 275 631 ita
325 597 477 632 tamen
534 598 584 632 ut
640 592 814 646 utrique
866 592 962 634 laus
1018 607 1195 634 summa
1250 593 1307 634 sit
1358 593 1495 634 tribu-

214 660 340 710 enda,
384 674 466 702 nec
511 660 614 702 huic
662 661 784 703 illam
829 676 910 703 nec
957 662 1017 703 illi
1063 663 1178 704 hanc
1221 676 1495 716 praeponere

215 729 490 772 audeamus.1

273 855 350 896 Ad
383 856 587 898 ultimam
624 870 729 898 vero
767 858 1095 912 discrepantiae
1131 871 1325 907 causam,
1362 871 1418 898 ne
1450 858 1494 898 in
1519 866 1699 926 Τήιξὲἑξζη

215 925 297 966 hac
315 927 495 980 quidem
515 927 589 968 diu
605 928 933 976 commoraturi‚
948 941 1065 968 nunc
1083 927 1264 969 demum
1279 928 1496 969 venimus.
1515 935 1693 973 Separatz'on

1513 968 1550 999 os
1561 969 1668 1001 Tragzc

215 995 431 1050 Agathon
462 997 568 1038 olim
601 1004 645 1038 et
673 997 1016 1051 Aristophanes,
1047 998 1263 1038 suadente
1297 997 1482 1039 Socrate
1514 1002 1687 1028 ‹wdComic

1485 1033 1494 1049 '
1515 1037 1667 1062 Elements
1684 1036 1716 1062 in

215 1067 404 1108 confessi
445 1073 549 1109 sunt
592 1068 793 1109 eiusdem
835 1067 1014 1109 artificis
1058 1081 1155 1108 esse
1195 1067 1495 1121 Tragoediam
1516 1070 1607 1096 Greek

1517 1105 1634 1130 Drama
1639 1123 1644 1128 .

216 1256 347 1289 bounds
360 1256 397 1288 of
406 1256 642 1297 imagination:
660 1256 725 1287 and
739 1257 821 1288 both
834 1256 996 1298 together,
1010 1257 1054 1298 by
1064 1257 1214 1299 shewing
1226 1262 1299 1299 past
1312 1257 1378 1288 and
1392 1256 1499 1288 future

215 1311 343 1353 objects
355 1316 388 1343 at
400 1322 442 1342 an
455 1311 688 1343 interminable
698 1311 858 1350 distance,
872 1312 957 1343 have
970 1312 1182 1344 accustomed
1195 1312 1251 1344 the
1265 1312 1356 1343 mind
1374 1316 1499 1344 to‘con-

217 1368 376 1408 template
401 1367 467 1398 and
491 1367 568 1398 take
591 1377 633 1398 an
657 1367 792 1398 interest
816 1367 850 1398 in
873 1367 930 1398 the
953 1368 1092 1399 obscure
1115 1368 1181 1398 and
1205 1367 1376 1409 shadowy.
1426 1368 1500 1398 The

216 1423 365 1454 ancients
381 1433 467 1453 were
484 1433 575 1453 more
585 1422 840 1454 circumscribed
857 1422 973 1454 within
989 1423 1061 1454 ‘the
1073 1422 1228 1464 ignorant
1245 1427 1377 1464 present
1394 1421 1500 1460 time,'

217 1478 366 1519 —spoke
386 1478 464 1519 only
480 1478 566 1509 their
582 1488 657 1509 own
679 1478 988 1519 language,—were
1005 1484 1201 1510 conversant
1220 1478 1299 1520 only
1316 1478 1396 1510 with
1416 1478 1500 1509 their

217 1544 293 1565 own
304 1538 594 1571 customs‚—were
605 1533 803 1574 acquainted
820 1534 898 1574 only
909 1534 989 1564 with
1005 1534 1060 1565 the
1071 1538 1186 1565 events
1202 1534 1240 1565 of
1251 1534 1336 1565 their
1347 1544 1422 1565 own
1435 1533 1501 1565 his-

218 1592 300 1629 tory.
343 1587 416 1619 The
432 1598 521 1619 mere
537 1588 628 1630 lapse
644 1588 682 1619 of
694 1589 773 1620 time
790 1589 882 1627 then,
896 1588 994 1620 aided
1011 1589 1055 1630 by
1071 1589 1128 1620 the
1144 1594 1194 1620 art
1211 1589 1249 1620 of
1264 1589 1424 1631 printing,
1442 1589 1502 1620 has

218 1643 333 1675 served
358 1649 392 1675 to
416 1644 623 1676 accumulate
646 1655 688 1675 an
712 1644 843 1675 endless
867 1655 953 1675 mass
974 1644 1012 1675 of
1031 1644 1142 1676 mixed
1166 1644 1231 1675 and
1256 1644 1502 1685 contradictory

218 1699 409 1737 materials;
437 1699 515 1737 and,
537 1699 581 1740 by
601 1699 782 1741 extending
805 1710 864 1731 our
887 1700 1087 1741 knowledge
1110 1705 1145 1731 to
1168 1711 1187 1731 a
1210 1705 1340 1741 greater
1362 1700 1502 1732 number

219 1754 257 1786 of
276 1754 398 1795 things,
422 1755 482 1786 has
507 1755 604 1786 made
627 1766 687 1786 our
711 1755 889 1796 particular
912 1755 1004 1786 ideas
1028 1756 1091 1787 less
1115 1745 1238 1797 perfect
1262 1756 1329 1787 and
1353 1756 1500 1787 distinct.

220 1809 271 1841 Cf.
291 1809 390 1841 etiam
411 1810 554 1851 Stapfer,
572 1815 620 1851 op.
640 1810 708 1849 cit„
728 1821 800 1852 cap.
820 1810 879 1848 iv.‚
897 1821 929 1852 p.
951 1810 1009 1850 78:
1039 1811 1135 1842 “Les
1151 1809 1248 1843 heros
1268 1810 1450 1853 d'Eschyle
1471 1816 1503 1843 et

218 1865 260 1896 de
277 1864 444 1907 Sophocle
467 1871 541 1896 sont
565 1866 889 1907 remarquablement
911 1864 1041 1905 homes,
1067 1872 1099 1898 et
1124 1867 1171 1898 les
1192 1866 1314 1899 limites
1341 1866 1502 1899 extreme-

219 1925 309 1952 ment
331 1919 506 1953 resserrees
522 1920 563 1952 de
580 1921 649 1952 leur
666 1921 802 1952 horizon
819 1921 1022 1953 intellectuel
1046 1927 1122 1954 sont
1143 1933 1207 1953 une
1224 1922 1283 1954 des
1304 1922 1505 1964 principales

219 1987 333 2008 causes
352 1976 394 2007 de
416 1976 485 2007 leur
504 1974 602 2007 force.
665 1976 714 2007 La
739 1975 852 2018 portee
876 1977 917 2008 de
941 1982 993 2009 cet
1019 1977 1232 2009 observation
1255 1983 1303 2009 est
1325 1977 1504 2019 generale3

220 2043 302 2073 pour
324 2036 432 2063 toutes
448 2031 563 2063 choses
579 2035 611 2062 et
628 2031 706 2063 chez
723 2036 796 2063 tous
814 2032 860 2063 les
876 2032 1039 2071 hommes,
1059 2043 1123 2064 une
1136 2032 1347 2074 intelligence
1360 2032 1504 2067 e'tendue

219 2092 267 2118 est
285 2087 359 2128 plus
375 2086 539 2119 contraire
556 2097 619 2128 que
641 2086 809 2118 favorable
829 2087 849 2118 a
868 2087 900 2118 la
919 2088 1147 2129 promptitude
1166 2093 1198 2119 et
1218 2087 1237 2119 a
1257 2089 1289 2119 la
1309 2089 1444 2131 vigueur
1463 2092 1505 2122 de

220 2142 364 2174 l'action.
421 2142 497 2174 Une
514 2142 625 2173 bonne
642 2147 715 2183 part
733 2142 774 2173 de
791 2141 1025 2175 l'irresolution
1042 2143 1219 2175 d’Harnlet
1240 2144 1310 2176 doit
1332 2143 1400 2177 ἐπε
1422 2147 1504 2178 mise

219 2209 273 2229 sur
289 2197 320 2229 le
337 2202 470 2239 compte
486 2197 527 2228 de
544 2208 579 2228 sa
595 2196 844 2238 philosophie.’'

263 2251 274 2270 ¹
293 2252 343 2284 Cf.
372 2252 514 2294 Stapfer‚
542 2258 590 2293 op.
617 2252 686 2290 cit„
715 2253 861 2291 Introd.,
889 2263 922 2294 p.
949 2262 994 2292 4:
1028 2252 1304 2286 “L’abondance
1336 2256 1502 2295 nouvelle,

219 2307 384 2339 inconnue
407 2318 471 2339 aux
494 2307 641 2346 anciens,
661 2306 798 2347 d’idees,
817 2308 859 2339 de
882 2308 1089 2347 sentiments,
1108 2309 1150 2340 de
1169 2308 1255 2348 faits,
1274 2309 1332 2351 qui
1349 2311 1504 2343 devaient

220 2368 330 2394 entrer
352 2362 435 2394 dans
458 2362 517 2394 des
540 2362 779 2404 coinpositions
803 2364 897 2395 telles
919 2363 1120 2405 qu’Hamlet
1144 2375 1187 2395 ou
1211 2364 1241 2395 le
1271 2365 1336 2396 Roi
1362 2366 1459 2405 Lear,
1485 2378 1504 2398 a

220 2416 307 2449 brise
330 2417 584 2449 naturellernent
608 2417 639 2449 le
662 2418 773 2449 moule
792 2418 834 2449 de
859 2419 890 2449 la
912 2417 1060 2460 tragedie
1077 2419 1119 2450 de
1141 2419 1321 2461 Sophocle,
1340 2425 1373 2451 et
1393 2431 1437 2452 un
1454 2427 1503 2453 art

221 2471 374 2504 different
397 2477 446 2504 est
469 2471 523 2512 ne,
545 2471 625 2514 qu’il
649 2483 690 2504 ne
715 2472 781 2504 faut
805 2478 924 2505 mettre
943 2474 977 2505 ni
1000 2474 1195 2506 au-dessous
1216 2474 1250 2506 ni
1270 2476 1442 2508 au-dessus
1462 2478 1504 2508 de

221 2527 306 2558 celui
330 2528 388 2559 des
413 2528 526 2566 Grecs,
557 2527 639 2559 mais
666 2528 821 2567 admirer,
848 2539 977 2560 comme
1004 2528 1089 2560 celui
1116 2529 1176 2561 des
1203 2529 1318 2569 Grecs,
1346 2541 1430 2572 pour
1458 2532 1505 2564 les

222 2581 358 2614 beautes
380 2583 437 2625 qui
461 2583 506 2614 lui
527 2588 602 2614 sont
624 2594 761 2625 propres
782 2589 814 2615 et
835 2584 917 2615 dans
939 2584 986 2615 les
1005 2584 1194 2616 conditions
1213 2584 1412 2627 historiques
1432 2598 1503 2628 par-

222 2636 388 2669 ticulieres
404 2636 423 2669 a
440 2637 508 2669 l'un
529 2643 561 2669 et
577 2637 596 2669 ὲ
614 2637 766 2670 l'autre.”
812 2638 863 2671 Cf.
884 2638 983 2670 etiam
1010 2639 1175 2680 Schlegel,
1194 2645 1242 2681 Op.
1263 2641 1331 2678 cit„
1353 2641 1446 2673 Lect.
1466 2642 1501 2680 i.,

225 2703 258 2734 p.
280 2701 331 2734 23.
