1931 3328
218 334 286 366 III.
308 334 355 374 (8)
460 335 642 366 TRAGIC
676 334 831 367 IRONY
865 333 927 366 OF
959 332 1252 366 SOPHOCLES.
1449 341 1497 379 79

217 459 395 486 necesse
413 445 480 486 sit.
529 444 658 498 Quae
673 451 824 485 tamen
844 450 889 485 et
904 443 1048 498 qualis
1066 443 1123 484 sit
1143 443 1294 483 Ironia
1308 442 1500 495 Tragica
1523 454 1581 513 {2⁷²⁸
1620 488 1625 493 ἢ

216 515 409 556 breviter
445 515 800 568 exquirentibus,
836 514 945 554 nihil
984 513 1112 554 nobis
1148 512 1324 553 videtur
1360 511 1499 551 mani-
1519 497 1666 581 {giss-''⁷²²‘'-

217 584 371 625 festius
403 598 631 638 exponere
663 598 798 638 quarn
831 584 967 625 verba
999 582 1085 632 illa,
1109 596 1223 636 quae
1250 582 1430 622 Numen
1458 581 1499 620 in
1549 560 1709 588 xpnssmn.

220 653 424 695 Miltonis
483 654 694 695 nostratis
755 654 911 703 Como,
963 652 1229 693 discriminis
1278 651 1501 691 innocenti

219 723 412 764 feminae
444 724 720 765 imminentis
753 724 873 765 haud
909 724 1125 777 ignarum,
1157 722 1348 763 emittit:

281 816 302 833 “
315 816 483 851 Amazed
503 817 518 849 I
540 816 659 860 stood,
678 816 874 850 harrowed
891 815 979 850 with
997 815 1095 860 grief
1108 813 1184 848 and
1201 814 1289 858 fear,

314 875 403 909 And
421 875 481 919 oh,
499 886 592 920 poor
609 875 761 920 hapless
780 874 1023 919 nightingale,
1042 873 1202 917 thought
1223 874 1250 916 Ι,

318 934 415 968 How
433 940 545 969 sweet
564 934 654 968 thou
674 934 814 978 sing’st,
833 933 917 967 how
934 944 1025 968 near
1042 933 1106 967 the
1124 932 1262 976 deadly
1280 942 1390 966 snare
1409 930 1463 965 !'’¹

221 1015 495 1064 spectatores
547 1011 665 1051 enim
708 1010 1059 1063 haudquaquam
1102 1010 1259 1051 deceat
1301 1008 1506 1063 superbia

222 1086 266 1121 et
308 1081 562 1133 arrogantia
604 1081 766 1120 idcirco
804 1079 958 1129 efferri,
995 1080 1099 1133 quia
1136 1086 1322 1121 eventus
1360 1093 1503 1119 rerum

221 1150 488 1203 posteriores
530 1151 612 1204 ipsi
656 1150 813 1190 melius
855 1150 1088 1203 providere
1130 1155 1330 1203 possunt,
1366 1150 1505 1189 immo

222 1234 276 1261 eo
319 1220 461 1273 magis
499 1220 673 1260 illorum
718 1225 895 1273 oportet
933 1220 1126 1260 misereri
1164 1220 1238 1273 qui
1282 1219 1504 1259 miseriam

223 1303 350 1331 suam
383 1303 651 1343 cognoscere
682 1296 922 1343 nequeunt.

283 1359 431 1400 Tanta
474 1360 608 1413 igitur
648 1366 744 1400 arte
786 1359 1043 1412 tragoedias
1096 1372 1198 1399 suas
1251 1358 1507 1412 composuit
1530 1369 1638 1401 Tragia

226 1429 485 1483 Sophocles,
518 1435 566 1470 ut
598 1428 872 1482 plerumque,
904 1429 1017 1470 sicut
1049 1432 1183 1470 “toto
1215 1442 1378 1482 genere
1410 1442 1506 1468 ora-
1526 1403 1683 1469 ἑῖιῖἕιῖἶῖζε.

225 1500 358 1541 tionis
374 1498 392 1513 ''
437 1500 669 1540 Romanus
712 1499 784 1540 1116
827 1499 1075 1548 Scaevola,2
1111 1499 1173 1539 sic
1214 1505 1311 1539 toto
1347 1512 1509 1552 genere

225 1569 485 1623 tragoediae
535 1569 783 1623 Sophocles
824 1572 1012 1609 “severe
1062 1567 1247 1609 ludere’'
1294 1569 1508 1609 videatur.

228 1639 501 1680 Fabularum
525 1646 653 1688 certe,
677 1653 787 1693 quas
809 1639 1044 1689 tractabat,
1066 1639 1214 1680 exitus
1236 1645 1510 1693 spectatores

225 1709 488 1764 plerumque
529 1723 685 1750 omnes
727 1716 858 1750 antea
904 1708 1201 1762 cognorant33
1252 1709 1511 1762 diligentius

227 1793 333 1833 ergo
384 1779 639 1820 enitebatur
690 1785 739 1820 ut
790 1793 1004 1833 persaepe
1055 1779 1183 1820 aliter
1234 1793 1302 1819 res
1347 1779 1511 1820 habere

225 1849 451 1892 videretur
482 1863 533 1890 ac
564 1862 719 1903 reapse
751 1849 947 1899 haberet,
979 1849 1098 1890 unde
1128 1849 1385 1902 nescioquid
1417 1849 1512 1902 spei

227 1920 441 1961 obscurae
473 1925 517 1960 et
549 1919 903 1972 exspectationis
939 1918 1156 1960 sollicitae
1186 1919 1513 1972 spectatoribus

227 1990 478 2031 adderetur.
555 1989 676 2044 Quid
709 1990 827 2030 enim
861 1989 1007 2030 dicam
1040 1989 1096 2029 de
1127 1995 1225 2029 tota
1263 1989 1513 2042 Oedipodis
1531 2003 1606 2029 οφ.

228 2059 430 2114 Tyranni
472 2059 740 2113 tragoedia?
803 2059 967 2099 Nonne
1007 2072 1147 2112 usque
1188 2059 1245 2099 ab
1288 2059 1415 2100 initio
1457 2059 1513 2100 ad

229 2129 365 2170 finem
407 2128 525 2170 hanc
566 2129 753 2170 ironiam
790 2129 1007 2183 tragicam
1044 2128 1279 2169 videmus?
1333 2128 1516 2182 Quanta

231 2199 351 2241 enim
375 2199 622 2249 maiestate,
660 2205 830 2252 quanta
871 2199 1102 2252 dignitate,
1145 2204 1316 2251 quanta
1357 2199 1515 2252 ampli-

230 2269 388 2310 tudine
419 2268 623 2322 procedit
657 2268 883 2323 Oedipus!
938 2268 1027 2322 Qui
1061 2268 1276 2322 Sphingis
1308 2269 1516 2322 aenigma

233 2338 354 2380 solus
395 2338 501 2379 olim
544 2338 748 2387 solverat,
785 2352 933 2379 nonne
971 2339 1007 2379 is
1049 2351 1166 2379 nunc
1204 2338 1339 2379 etiam
1378 2339 1518 2391 pestis

234 2407 492 2450 recentioris
524 2421 704 2450 causam
737 2408 965 2450 inveniet?
1028 2407 1269 2450 Civitatem
1302 2409 1377 2461 qui
1409 2408 1516 2449 olim

280 2529 289 2548 ¹
307 2530 439 2567 Milton,
458 2530 587 2568 Comus,
605 2531 757 2572 565-567.
808 2530 858 2562 Cf.
877 2530 1065 2572 Campbell,
1085 2531 1188 2562 Gm'cle
1201 2535 1232 2562 to
1248 2531 1345 2563 Greek
1362 2532 1394 2562 T
1388 2533 1518 2573 γαμικῇ),

237 2596 308 2626 cap.
329 2585 400 2621 xii„
420 2596 450 2626 p.
473 2593 546 2624 214.

281 2639 294 2657 ²
311 2639 379 2670 Cic.
401 2640 453 2669 De
473 2639 620 2678 Oratore,
642 2640 688 2672 II.
709 2639 814 2677 lxvii„
834 2641 850 2678 ἓ
868 2640 939 2679 269.

281 2693 294 2713 3
311 2694 361 2725 Cf.
383 2699 496 2735 supra,
515 2705 569 2736 pp.
593 2701 645 2735 52,
663 2695 716 2726 61.
