<?xml version="1.0" encoding="UTF-8"?>
<!DOCTYPE html PUBLIC "-//W3C//DTD XHTML 1.0 Transitional//EN"
    "http://www.w3.org/TR/xhtml1/DTD/xhtml1-transitional.dtd">
<html xmlns="http://www.w3.org/1999/xhtml" xml:lang="en" lang="en">
 <head>
  <title>
</title>
<meta http-equiv="Content-Type" content="text/html;charset=utf-8" />
  <meta name='ocr-system' content='tesseract 3.04.00' />
  <meta name='ocr-capabilities' content='ocr_page ocr_carea ocr_par ocr_line ocrx_word'/>
</head>
<body>
  <div class='ocr_page' id='page_1' title='image "./arstragicasophoc00hort_0040.png"; bbox 0 0 2013 3328; ppageno 0'>
   <div class='ocr_carea' id='block_1_1' title="bbox 355 426 546 493">
    <p class='ocr_par' dir='ltr' id='par_1_1' title="bbox 355 426 546 493">
     <span class='ocr_line' id='line_1_1' title="bbox 356 426 546 460; baseline 0 -8"><span class='ocrx_word' id='word_1_1' title='bbox 356 426 503 460; x_wconf 68' lang='lat' dir='ltr'>employed</span> <span class='ocrx_word' id='word_1_2' title='bbox 513 426 546 459; x_wconf 84' lang='lat' dir='ltr'>by</span> 
     </span>
     <span class='ocr_line' id='line_1_2' title="bbox 355 460 523 493; baseline -0.012 -6"><span class='ocrx_word' id='word_1_3' title='bbox 355 462 378 487; x_wconf 89' lang='lat' dir='ltr'><em>S</em></span> <span class='ocrx_word' id='word_1_4' title='bbox 378 460 523 493; x_wconf 65' lang='lat' dir='ltr'>lutksperc.</span> 
     </span>
    </p>
   </div>
   <div class='ocr_carea' id='block_1_2' title="bbox 353 702 556 836">
    <p class='ocr_par' dir='ltr' id='par_1_2' title="bbox 355 702 556 768">
     <span class='ocr_line' id='line_1_3' title="bbox 355 702 556 734; baseline 0 -6"><span class='ocrx_word' id='word_1_5' title='bbox 355 702 556 734; x_wconf 65' lang='lat' dir='ltr'>‚S‘halcsfierian</span> 
     </span>
     <span class='ocr_line' id='line_1_4' title="bbox 361 736 494 768; baseline -0.008 -6"><span class='ocrx_word' id='word_1_6' title='bbox 361 736 494 768; x_wconf 67' lang='lat' dir='ltr'>Tragmly</span> 
     </span>
    </p>

    <p class='ocr_par' dir='ltr' id='par_1_3' title="bbox 353 770 482 836">
     <span class='ocr_line' id='line_1_5' title="bbox 356 770 482 796; baseline 0 0"><span class='ocrx_word' id='word_1_7' title='bbox 356 770 362 782; x_wconf 79' lang='lat'>¹</span> <span class='ocrx_word' id='word_1_8' title='bbox 376 770 482 796; x_wconf 78' lang='lat' dir='ltr'>Pictur-</span> 
     </span>
     <span class='ocr_line' id='line_1_6' title="bbox 353 803 459 836; baseline 0 -6"><span class='ocrx_word' id='word_1_9' title='bbox 353 813 448 836; x_wconf 77' lang='lat' dir='ltr'>esque.</span> <span class='ocrx_word' id='word_1_10' title='bbox 455 803 459 814; x_wconf 95' lang='lat'>&#39;</span> 
     </span>
    </p>
   </div>
   <div class='ocr_carea' id='block_1_3' title="bbox 351 1187 555 1448">
    <p class='ocr_par' dir='ltr' id='par_1_4' title="bbox 354 1187 508 1212">
     <span class='ocr_line' id='line_1_7' title="bbox 354 1187 508 1212; baseline -0.006 0"><span class='ocrx_word' id='word_1_11' title='bbox 354 1187 418 1212; x_wconf 81' lang='lat' dir='ltr'>Far</span> <span class='ocrx_word' id='word_1_12' title='bbox 431 1194 508 1211; x_wconf 72' lang='lat' dir='ltr'>mare</span> 
     </span>
    </p>

    <p class='ocr_par' dir='ltr' id='par_1_5' title="bbox 351 1220 555 1448">
     <span class='ocr_line' id='line_1_8' title="bbox 355 1220 531 1245; baseline 0 -1"><span class='ocrx_word' id='word_1_13' title='bbox 355 1220 361 1232; x_wconf 84' lang='lat'><em>¹</em></span> <span class='ocrx_word' id='word_1_14' title='bbox 375 1220 531 1245; x_wconf 75' lang='lat' dir='ltr'>Dramatis</span> 
     </span>
     <span class='ocr_line' id='line_1_9' title="bbox 352 1253 555 1279; baseline -0.005 0"><span class='ocrx_word' id='word_1_15' title='bbox 352 1254 508 1279; x_wconf 64' lang='lat' dir='ltr'>Personae·</span> <span class='ocrx_word' id='word_1_16' title='bbox 522 1253 555 1278; x_wconf 87' lang='lat' dir='ltr'>in</span> 
     </span>
     <span class='ocr_line' id='line_1_10' title="bbox 352 1288 475 1313; baseline 0 -1"><span class='ocrx_word' id='word_1_17' title='bbox 352 1296 371 1312; x_wconf 84' lang='lat' dir='ltr'>a</span> <span class='ocrx_word' id='word_1_18' title='bbox 385 1288 475 1313; x_wconf 67' lang='lat' dir='ltr'>Sltalc·</span> 
     </span>
     <span class='ocr_line' id='line_1_11' title="bbox 351 1321 554 1359; baseline 0 -13"><span class='ocrx_word' id='word_1_19' title='bbox 351 1322 468 1359; x_wconf 48' lang='lat' dir='ltr'>{barian</span> <span class='ocrx_word' id='word_1_20' title='bbox 481 1321 554 1347; x_wconf 78' lang='lat' dir='ltr'>llum</span> 
     </span>
     <span class='ocr_line' id='line_1_12' title="bbox 352 1364 415 1380; baseline -0.016 0"><span class='ocrx_word' id='word_1_21' title='bbox 352 1364 385 1380; x_wconf 84' lang='lat' dir='ltr'>m</span> <span class='ocrx_word' id='word_1_22' title='bbox 397 1364 415 1379; x_wconf 83' lang='lat' dir='ltr'>a</span> 
     </span>
     <span class='ocr_line' id='line_1_13' title="bbox 353 1389 528 1420; baseline 0.006 -7"><span class='ocrx_word' id='word_1_23' title='bbox 353 1389 528 1420; x_wconf 71' lang='lat' dir='ltr'>Sophoclean</span> 
     </span>
     <span class='ocr_line' id='line_1_14' title="bbox 354 1423 480 1448; baseline 0 0"><span class='ocrx_word' id='word_1_24' title='bbox 354 1423 480 1448; x_wconf 81' lang='lat' dir='ltr'>Drama.</span> 
     </span>
    </p>
   </div>
   <div class='ocr_carea' id='block_1_4' title="bbox 350 2043 547 2238">
    <p class='ocr_par' dir='ltr' id='par_1_6' title="bbox 350 2043 547 2238">
     <span class='ocr_line' id='line_1_15' title="bbox 408 2043 500 2076; baseline 0.011 -8"><span class='ocrx_word' id='word_1_25' title='bbox 408 2044 416 2068; x_wconf 92' lang='lat' dir='ltr'>l</span> <span class='ocrx_word' id='word_1_26' title='bbox 426 2044 445 2069; x_wconf 84' lang='lat' dir='ltr'>l.</span> <span class='ocrx_word' id='word_1_27' title='bbox 461 2043 500 2076; x_wconf 74' lang='lat'>(2)</span> 
     </span>
     <span class='ocr_line' id='line_1_16' title="bbox 351 2077 501 2109; baseline 0 -7"><span class='ocrx_word' id='word_1_28' title='bbox 351 2077 457 2109; x_wconf 63' lang='lat' dir='ltr'>origin</span> <span class='ocrx_word' id='word_1_29' title='bbox 469 2078 501 2108; x_wconf 79' lang='lat' dir='ltr'>os</span> 
     </span>
     <span class='ocr_line' id='line_1_17' title="bbox 352 2111 443 2136; baseline 0.011 -1"><span class='ocrx_word' id='word_1_30' title='bbox 352 2111 443 2136; x_wconf 67' lang='lat' dir='ltr'>Greek</span> 
     </span>
     <span class='ocr_line' id='line_1_18' title="bbox 352 2145 547 2170; baseline 0.005 -1"><span class='ocrx_word' id='word_1_31' title='bbox 352 2145 470 2170; x_wconf 77' lang='lat' dir='ltr'>Drama</span> <span class='ocrx_word' id='word_1_32' title='bbox 483 2145 547 2170; x_wconf 84' lang='lat' dir='ltr'>and</span> 
     </span>
     <span class='ocr_line' id='line_1_19' title="bbox 350 2178 519 2210; baseline 0 -7"><span class='ocrx_word' id='word_1_33' title='bbox 350 2178 386 2209; x_wconf 82' lang='lat' dir='ltr'>os</span> <span class='ocrx_word' id='word_1_34' title='bbox 393 2178 519 2210; x_wconf 63' lang='lat' dir='ltr'>English</span> 
     </span>
     <span class='ocr_line' id='line_1_20' title="bbox 351 2213 479 2238; baseline -0.008 0"><span class='ocrx_word' id='word_1_35' title='bbox 351 2213 479 2238; x_wconf 81' lang='lat' dir='ltr'>Drama.</span> 
     </span>
    </p>
   </div>
   <div class='ocr_carea' id='block_1_5' title="bbox 579 297 1851 343">
    <p class='ocr_par' dir='ltr' id='par_1_7' title="bbox 579 297 1851 343">
     <span class='ocr_line' id='line_1_21' title="bbox 579 297 1851 343; baseline -0.007 -6"><span class='ocrx_word' id='word_1_36' title='bbox 579 307 625 343; x_wconf 87' lang='lat'>16</span> <span class='ocrx_word' id='word_1_37' title='bbox 842 300 1124 335; x_wconf 86' lang='lat' dir='ltr'>SOPIIOCLES</span> <span class='ocrx_word' id='word_1_38' title='bbox 1152 300 1255 332; x_wconf 87' lang='lat' dir='ltr'>AND</span> <span class='ocrx_word' id='word_1_39' title='bbox 1283 299 1579 332; x_wconf 84' lang='lat' dir='ltr'>SHAKSPERE.</span> <span class='ocrx_word' id='word_1_40' title='bbox 1735 297 1782 329; x_wconf 92' lang='lat'>11.</span> <span class='ocrx_word' id='word_1_41' title='bbox 1801 297 1851 336; x_wconf 91' lang='lat'>(2)</span> 
     </span>
    </p>
   </div>
   <div class='ocr_carea' id='block_1_6' title="bbox 570 410 1850 1978">
    <p class='ocr_par' dir='ltr' id='par_1_8' title="bbox 573 410 1850 952">
     <span class='ocr_line' id='line_1_22' title="bbox 574 410 1848 464; baseline -0.005 -10"><span class='ocrx_word' id='word_1_42' title='bbox 574 413 851 455; x_wconf 82' lang='lat' dir='ltr'>revocabant.</span> <span class='ocrx_word' id='word_1_43' title='bbox 934 410 1243 464; x_wconf 87' lang='lat' dir='ltr'>Shaksperius‚</span> <span class='ocrx_word' id='word_1_44' title='bbox 1282 414 1450 458; x_wconf 89' lang='lat' dir='ltr'>contra,</span> <span class='ocrx_word' id='word_1_45' title='bbox 1489 413 1661 449; x_wconf 86' lang='lat' dir='ltr'>actores</span> <span class='ocrx_word' id='word_1_46' title='bbox 1712 419 1848 460; x_wconf 90' lang='lat' dir='ltr'>quam</span> 
     </span>
     <span class='ocr_line' id='line_1_23' title="bbox 575 476 1850 536; baseline -0.005 -13"><span class='ocrx_word' id='word_1_47' title='bbox 575 483 789 536; x_wconf 86' lang='lat' dir='ltr'>plurimos</span> <span class='ocrx_word' id='word_1_48' title='bbox 826 481 1062 530; x_wconf 89' lang='lat' dir='ltr'>adhibitos,</span> <span class='ocrx_word' id='word_1_49' title='bbox 1100 492 1180 520; x_wconf 92' lang='lat' dir='ltr'>nec</span> <span class='ocrx_word' id='word_1_50' title='bbox 1217 478 1304 519; x_wconf 87' lang='lat' dir='ltr'>iam</span> <span class='ocrx_word' id='word_1_51' title='bbox 1342 477 1569 519; x_wconf 86' lang='lat' dir='ltr'><strong>cothurnis</strong></span> <span class='ocrx_word' id='word_1_52' title='bbox 1606 476 1850 529; x_wconf 88' lang='lat' dir='ltr'>ceterisque</span> 
     </span>
     <span class='ocr_line' id='line_1_24' title="bbox 574 544 1849 606; baseline -0.006 -13"><span class='ocrx_word' id='word_1_53' title='bbox 574 551 862 606; x_wconf 80' lang='lat' dir='ltr'>apparatibus</span> <span class='ocrx_word' id='word_1_54' title='bbox 904 549 1155 603; x_wconf 83' lang='lat' dir='ltr'>impeditos,</span> <span class='ocrx_word' id='word_1_55' title='bbox 1197 548 1369 589; x_wconf 89' lang='lat' dir='ltr'>ratione</span> <span class='ocrx_word' id='word_1_56' title='bbox 1409 560 1517 588; x_wconf 88' lang='lat' dir='ltr'>sane</span> <span class='ocrx_word' id='word_1_57' title='bbox 1557 546 1731 587; x_wconf 89' lang='lat' dir='ltr'>diversa</span> <span class='ocrx_word' id='word_1_58' title='bbox 1772 544 1849 586; x_wconf 87' lang='lat' dir='ltr'>sed</span> 
     </span>
     <span class='ocr_line' id='line_1_25' title="bbox 574 615 1848 672; baseline -0.005 -10"><span class='ocrx_word' id='word_1_59' title='bbox 574 635 660 662; x_wconf 93' lang='lat' dir='ltr'>non</span> <span class='ocrx_word' id='word_1_60' title='bbox 704 621 849 661; x_wconf 90' lang='lat' dir='ltr'>minus</span> <span class='ocrx_word' id='word_1_61' title='bbox 891 619 1128 672; x_wconf 83' lang='lat' dir='ltr'>eleganter,</span> <span class='ocrx_word' id='word_1_62' title='bbox 1169 623 1262 658; x_wconf 88' lang='lat' dir='ltr'>arte</span> <span class='ocrx_word' id='word_1_63' title='bbox 1303 617 1499 670; x_wconf 88' lang='lat' dir='ltr'>quadam</span> <span class='ocrx_word' id='word_1_64' title='bbox 1542 629 1656 657; x_wconf 89' lang='lat' dir='ltr'>nova</span> <span class='ocrx_word' id='word_1_65' title='bbox 1699 616 1762 656; x_wconf 89' lang='lat' dir='ltr'>ita</span> <span class='ocrx_word' id='word_1_66' title='bbox 1804 615 1848 655; x_wconf 91' lang='lat' dir='ltr'>in</span> 
     </span>
     <span class='ocr_line' id='line_1_26' title="bbox 574 683 1850 743; baseline -0.006 -11"><span class='ocrx_word' id='word_1_67' title='bbox 574 704 707 732; x_wconf 88' lang='lat' dir='ltr'>scena</span> <span class='ocrx_word' id='word_1_68' title='bbox 727 689 995 743; x_wconf 84' lang='lat' dir='ltr'>disponebat</span> <span class='ocrx_word' id='word_1_69' title='bbox 1021 693 1070 728; x_wconf 91' lang='lat' dir='ltr'>ut</span> <span class='ocrx_word' id='word_1_70' title='bbox 1093 687 1292 728; x_wconf 89' lang='lat' dir='ltr'>tabulam</span> <span class='ocrx_word' id='word_1_71' title='bbox 1320 687 1486 740; x_wconf 87' lang='lat' dir='ltr'>pictam</span> <span class='ocrx_word' id='word_1_72' title='bbox 1513 685 1662 739; x_wconf 87' lang='lat' dir='ltr'>potius</span> <span class='ocrx_word' id='word_1_73' title='bbox 1690 683 1850 725; x_wconf 88' lang='lat' dir='ltr'>intueri</span> 
     </span>
     <span class='ocr_line' id='line_1_27' title="bbox 574 754 1850 814; baseline -0.005 -13"><span class='ocrx_word' id='word_1_74' title='bbox 574 766 846 814; x_wconf 80' lang='lat' dir='ltr'>spectatores</span> <span class='ocrx_word' id='word_1_75' title='bbox 886 758 1148 799; x_wconf 90' lang='lat' dir='ltr'>viderentur.</span> <span class='ocrx_word' id='word_1_76' title='bbox 1232 756 1366 798; x_wconf 90' lang='lat' dir='ltr'>Unde</span> <span class='ocrx_word' id='word_1_77' title='bbox 1417 755 1555 796; x_wconf 92' lang='lat' dir='ltr'>critici</span> <span class='ocrx_word' id='word_1_78' title='bbox 1598 754 1850 808; x_wconf 90' lang='lat' dir='ltr'>sculpturae</span> 
     </span>
     <span class='ocr_line' id='line_1_28' title="bbox 574 821 1850 882; baseline -0.005 -12"><span class='ocrx_word' id='word_1_79' title='bbox 574 828 873 882; x_wconf 85' lang='lat' dir='ltr'>Sophoclcam</span> <span class='ocrx_word' id='word_1_80' title='bbox 936 832 1076 868; x_wconf 90' lang='lat' dir='ltr'>artem</span> <span class='ocrx_word' id='word_1_81' title='bbox 1137 823 1382 878; x_wconf 81' lang='lat' dir='ltr'>tragicam,1</span> <span class='ocrx_word' id='word_1_82' title='bbox 1443 824 1642 878; x_wconf 85' lang='lat' dir='ltr'>picturae</span> <span class='ocrx_word' id='word_1_83' title='bbox 1706 821 1850 865; x_wconf 88' lang='lat' dir='ltr'>Shak-</span> 
     </span>
     <span class='ocr_line' id='line_1_29' title="bbox 573 893 1512 952; baseline -0.006 -13"><span class='ocrx_word' id='word_1_84' title='bbox 573 899 823 952; x_wconf 85' lang='lat' dir='ltr'>sperianam</span> <span class='ocrx_word' id='word_1_85' title='bbox 858 898 950 937; x_wconf 88' lang='lat' dir='ltr'>iure</span> <span class='ocrx_word' id='word_1_86' title='bbox 981 896 1154 949; x_wconf 89' lang='lat' dir='ltr'>optimo</span> <span class='ocrx_word' id='word_1_87' title='bbox 1187 893 1512 935; x_wconf 84' lang='lat' dir='ltr'>contulerunt.2</span> 
     </span>
    </p>

    <p class='ocr_par' dir='ltr' id='par_1_9' title="bbox 570 960 1850 1978">
     <span class='ocr_line' id='line_1_30' title="bbox 630 960 1850 1019; baseline -0.006 -11"><span class='ocrx_word' id='word_1_88' title='bbox 630 967 806 1008; x_wconf 86' lang='lat' dir='ltr'>Tantae</span> <span class='ocrx_word' id='word_1_89' title='bbox 845 965 1038 1019; x_wconf 90' lang='lat' dir='ltr'>denique</span> <span class='ocrx_word' id='word_1_90' title='bbox 1080 964 1194 1005; x_wconf 90' lang='lat' dir='ltr'>inter</span> <span class='ocrx_word' id='word_1_91' title='bbox 1235 969 1351 1004; x_wconf 88' lang='lat' dir='ltr'>artes</span> <span class='ocrx_word' id='word_1_92' title='bbox 1393 969 1486 1003; x_wconf 90' lang='lat' dir='ltr'>tam</span> <span class='ocrx_word' id='word_1_93' title='bbox 1528 961 1724 1004; x_wconf 86' lang='lat' dir='ltr'>diversas</span> <span class='ocrx_word' id='word_1_94' title='bbox 1761 960 1850 1001; x_wconf 87' lang='lat' dir='ltr'>dis-</span> 
     </span>
     <span class='ocr_line' id='line_1_31' title="bbox 572 1030 1850 1090; baseline -0.006 -12"><span class='ocrx_word' id='word_1_95' title='bbox 572 1037 826 1090; x_wconf 88' lang='lat' dir='ltr'>crepantiae</span> <span class='ocrx_word' id='word_1_96' title='bbox 868 1049 955 1076; x_wconf 92' lang='lat' dir='ltr'>non</span> <span class='ocrx_word' id='word_1_97' title='bbox 999 1034 1185 1075; x_wconf 90' lang='lat' dir='ltr'>minima</span> <span class='ocrx_word' id='word_1_98' title='bbox 1225 1046 1327 1086; x_wconf 89' lang='lat' dir='ltr'>pars</span> <span class='ocrx_word' id='word_1_99' title='bbox 1368 1038 1463 1073; x_wconf 91' lang='lat' dir='ltr'>erat</span> <span class='ocrx_word' id='word_1_100' title='bbox 1510 1037 1711 1073; x_wconf 90' lang='lat' dir='ltr'>aetorum</span> <span class='ocrx_word' id='word_1_101' title='bbox 1754 1030 1850 1083; x_wconf 88' lang='lat' dir='ltr'>ipse</span> 
     </span>
     <span class='ocr_line' id='line_1_32' title="bbox 574 1099 1849 1159; baseline -0.005 -12"><span class='ocrx_word' id='word_1_102' title='bbox 574 1120 791 1156; x_wconf 85' lang='lat' dir='ltr'>numerus,</span> <span class='ocrx_word' id='word_1_103' title='bbox 817 1106 873 1146; x_wconf 94' lang='lat' dir='ltr'>de</span> <span class='ocrx_word' id='word_1_104' title='bbox 904 1118 994 1159; x_wconf 91' lang='lat' dir='ltr'>quo</span> <span class='ocrx_word' id='word_1_105' title='bbox 1026 1103 1298 1144; x_wconf 87' lang='lat' dir='ltr'>mentionem</span> <span class='ocrx_word' id='word_1_106' title='bbox 1332 1100 1591 1142; x_wconf 90' lang='lat' dir='ltr'>nonnullam</span> <span class='ocrx_word' id='word_1_107' title='bbox 1625 1100 1713 1141; x_wconf 89' lang='lat' dir='ltr'>iam</span> <span class='ocrx_word' id='word_1_108' title='bbox 1746 1099 1849 1140; x_wconf 87' lang='lat' dir='ltr'>feci-</span> 
     </span>
     <span class='ocr_line' id='line_1_33' title="bbox 574 1171 1847 1228; baseline -0.006 -11"><span class='ocrx_word' id='word_1_109' title='bbox 574 1189 681 1217; x_wconf 88' lang='lat' dir='ltr'>mus.</span> <span class='ocrx_word' id='word_1_110' title='bbox 761 1174 1004 1228; x_wconf 84' lang='lat' dir='ltr'>Sophocles</span> <span class='ocrx_word' id='word_1_111' title='bbox 1047 1173 1176 1222; x_wconf 87' lang='lat' dir='ltr'>enirn,</span> <span class='ocrx_word' id='word_1_112' title='bbox 1220 1177 1376 1225; x_wconf 86' lang='lat' dir='ltr'>utpote</span> <span class='ocrx_word' id='word_1_113' title='bbox 1417 1171 1491 1224; x_wconf 91' lang='lat' dir='ltr'>qui</span> <span class='ocrx_word' id='word_1_114' title='bbox 1539 1177 1628 1211; x_wconf 89' lang='lat' dir='ltr'>tres</span> <span class='ocrx_word' id='word_1_115' title='bbox 1671 1175 1847 1210; x_wconf 88' lang='lat' dir='ltr'>tantum</span> 
     </span>
     <span class='ocr_line' id='line_1_34' title="bbox 573 1236 1848 1296; baseline -0.006 -10"><span class='ocrx_word' id='word_1_116' title='bbox 573 1251 743 1286; x_wconf 86' lang='lat' dir='ltr'>actores</span> <span class='ocrx_word' id='word_1_117' title='bbox 784 1244 979 1292; x_wconf 89' lang='lat' dir='ltr'>haberet,</span> <span class='ocrx_word' id='word_1_118' title='bbox 1019 1243 1093 1296; x_wconf 92' lang='lat' dir='ltr'>qui</span> <span class='ocrx_word' id='word_1_119' title='bbox 1137 1255 1292 1282; x_wconf 84' lang='lat' dir='ltr'>omnes</span> <span class='ocrx_word' id='word_1_120' title='bbox 1329 1240 1569 1282; x_wconf 83' lang='lat' dir='ltr'>‘dramatis</span> <span class='ocrx_word' id='word_1_121' title='bbox 1611 1236 1848 1292; x_wconf 87' lang='lat' dir='ltr'>personas&#39;</span> 
     </span>
     <span class='ocr_line' id='line_1_35' title="bbox 571 1308 1848 1366; baseline -0.005 -11"><span class='ocrx_word' id='word_1_122' title='bbox 571 1313 868 1363; x_wconf 80' lang='lat' dir='ltr'>sustinerent,³</span> <span class='ocrx_word' id='word_1_123' title='bbox 914 1325 1158 1366; x_wconf 87' lang='lat' dir='ltr'>perpaucas</span> <span class='ocrx_word' id='word_1_124' title='bbox 1209 1311 1251 1351; x_wconf 91' lang='lat' dir='ltr'>in</span> <span class='ocrx_word' id='word_1_125' title='bbox 1300 1310 1459 1350; x_wconf 87' lang='lat' dir='ltr'>fabulis</span> <span class='ocrx_word' id='word_1_126' title='bbox 1505 1309 1594 1349; x_wconf 82' lang='lat' dir='ltr'>suis</span> <span class='ocrx_word' id='word_1_127' title='bbox 1641 1308 1848 1349; x_wconf 87' lang='lat' dir='ltr'>inducere</span> 
     </span>
     <span class='ocr_line' id='line_1_36' title="bbox 572 1377 1849 1437; baseline -0.005 -13"><span class='ocrx_word' id='word_1_128' title='bbox 572 1389 757 1437; x_wconf 86' lang='lat' dir='ltr'>poterat.</span> <span class='ocrx_word' id='word_1_129' title='bbox 836 1382 1070 1434; x_wconf 84' lang='lat' dir='ltr'>Nusquam</span> <span class='ocrx_word' id='word_1_130' title='bbox 1109 1381 1241 1433; x_wconf 85' lang='lat' dir='ltr'>igitur</span> <span class='ocrx_word' id='word_1_131' title='bbox 1277 1380 1395 1433; x_wconf 91' lang='lat' dir='ltr'>apud</span> <span class='ocrx_word' id='word_1_132' title='bbox 1440 1377 1711 1432; x_wconf 83' lang='lat' dir='ltr'>Sophoclem</span> <span class='ocrx_word' id='word_1_133' title='bbox 1748 1377 1849 1431; x_wconf 87' lang='lat' dir='ltr'>plus</span> 
     </span>
     <span class='ocr_line' id='line_1_37' title="bbox 571 1446 1849 1504; baseline -0.005 -11"><span class='ocrx_word' id='word_1_134' title='bbox 571 1458 673 1494; x_wconf 89' lang='lat' dir='ltr'>octo</span> <span class='ocrx_word' id='word_1_135' title='bbox 705 1452 857 1504; x_wconf 92' lang='lat' dir='ltr'>(choro</span> <span class='ocrx_word' id='word_1_136' title='bbox 889 1451 1057 1492; x_wconf 84' lang='lat' dir='ltr'>scilicet</span> <span class='ocrx_word' id='word_1_137' title='bbox 1088 1451 1297 1502; x_wconf 83' lang='lat' dir='ltr'>excepto)</span> <span class='ocrx_word' id='word_1_138' title='bbox 1338 1446 1617 1488; x_wconf 74' lang='lat' dir='ltr'>invenimus.4</span> <span class='ocrx_word' id='word_1_139' title='bbox 1679 1447 1849 1489; x_wconf 90' lang='lat' dir='ltr'>Contra</span> 
     </span>
     <span class='ocr_line' id='line_1_38' title="bbox 572 1517 1847 1574; baseline -0.005 -11"><span class='ocrx_word' id='word_1_140' title='bbox 572 1521 871 1574; x_wconf 81' lang='lat' dir='ltr'>Shaksperius</span> <span class='ocrx_word' id='word_1_141' title='bbox 914 1520 1037 1561; x_wconf 91' lang='lat' dir='ltr'>nullo</span> <span class='ocrx_word' id='word_1_142' title='bbox 1079 1518 1334 1560; x_wconf 88' lang='lat' dir='ltr'>huiusmodi</span> <span class='ocrx_word' id='word_1_143' title='bbox 1382 1517 1705 1571; x_wconf 88' lang='lat' dir='ltr'>impedimento</span> <span class='ocrx_word' id='word_1_144' title='bbox 1747 1530 1847 1570; x_wconf 92' lang='lat' dir='ltr'>pro-</span> 
     </span>
     <span class='ocr_line' id='line_1_39' title="bbox 570 1587 1844 1642; baseline -0.004 -11"><span class='ocrx_word' id='word_1_145' title='bbox 570 1591 744 1639; x_wconf 86' lang='lat' dir='ltr'>hibitus,</span> <span class='ocrx_word' id='word_1_146' title='bbox 799 1602 1117 1642; x_wconf 88' lang='lat' dir='ltr'>nonnunquam</span> <span class='ocrx_word' id='word_1_147' title='bbox 1171 1594 1218 1628; x_wconf 93' lang='lat' dir='ltr'>ut</span> <span class='ocrx_word' id='word_1_148' title='bbox 1275 1588 1317 1627; x_wconf 91' lang='lat' dir='ltr'>in</span> <span class='ocrx_word' id='word_1_149' title='bbox 1374 1587 1488 1627; x_wconf 92' lang='lat' dir='ltr'>Iulio</span> <span class='ocrx_word' id='word_1_150' title='bbox 1547 1587 1749 1636; x_wconf 86' lang='lat' dir='ltr'>Caesare,</span> <span class='ocrx_word' id='word_1_151' title='bbox 1802 1587 1844 1626; x_wconf 92' lang='lat' dir='ltr'>in</span> 
     </span>
     <span class='ocr_line' id='line_1_40' title="bbox 571 1656 1845 1712; baseline -0.003 -12"><span class='ocrx_word' id='word_1_152' title='bbox 571 1660 774 1700; x_wconf 83' lang='lat' dir='ltr'>Antonio</span> <span class='ocrx_word' id='word_1_153' title='bbox 800 1665 842 1700; x_wconf 86' lang='lat' dir='ltr'>et</span> <span class='ocrx_word' id='word_1_154' title='bbox 873 1659 1124 1712; x_wconf 86' lang='lat' dir='ltr'>Cleopatra,</span> <span class='ocrx_word' id='word_1_155' title='bbox 1146 1657 1245 1710; x_wconf 87' lang='lat' dir='ltr'>plus</span> <span class='ocrx_word' id='word_1_156' title='bbox 1274 1657 1457 1709; x_wconf 82' lang='lat' dir='ltr'>triginta</span> <span class='ocrx_word' id='word_1_157' title='bbox 1486 1657 1528 1696; x_wconf 91' lang='lat' dir='ltr'>in</span> <span class='ocrx_word' id='word_1_158' title='bbox 1554 1669 1641 1696; x_wconf 91' lang='lat' dir='ltr'>una</span> <span class='ocrx_word' id='word_1_159' title='bbox 1667 1656 1845 1696; x_wconf 91' lang='lat' dir='ltr'>eadem-</span> 
     </span>
     <span class='ocr_line' id='line_1_41' title="bbox 571 1725 1846 1783; baseline -0.004 -13"><span class='ocrx_word' id='word_1_160' title='bbox 571 1743 656 1783; x_wconf 87' lang='lat' dir='ltr'>que</span> <span class='ocrx_word' id='word_1_161' title='bbox 689 1729 839 1769; x_wconf 89' lang='lat' dir='ltr'>fabula</span> <span class='ocrx_word' id='word_1_162' title='bbox 870 1728 1060 1768; x_wconf 84' lang='lat' dir='ltr'>induxit.</span> <span class='ocrx_word' id='word_1_163' title='bbox 1133 1725 1252 1779; x_wconf 77' lang='lat' dir='ltr'>Quid</span> <span class='ocrx_word' id='word_1_164' title='bbox 1287 1725 1460 1766; x_wconf 88' lang='lat' dir='ltr'>multa?</span> <span class='ocrx_word' id='word_1_165' title='bbox 1527 1725 1645 1779; x_wconf 78' lang='lat' dir='ltr'>Quid</span> <span class='ocrx_word' id='word_1_166' title='bbox 1679 1725 1846 1766; x_wconf 85' lang='lat' dir='ltr'>diutius</span> 
     </span>
     <span class='ocr_line' id='line_1_42' title="bbox 572 1794 1846 1851; baseline -0.003 -13"><span class='ocrx_word' id='word_1_167' title='bbox 572 1800 614 1838; x_wconf 89' lang='lat' dir='ltr'>in</span> <span class='ocrx_word' id='word_1_168' title='bbox 648 1799 730 1839; x_wconf 89' lang='lat' dir='ltr'>hac</span> <span class='ocrx_word' id='word_1_169' title='bbox 756 1797 1071 1851; x_wconf 85' lang='lat' dir='ltr'>disputationis</span> <span class='ocrx_word' id='word_1_170' title='bbox 1103 1802 1228 1850; x_wconf 86' lang='lat' dir='ltr'>parte</span> <span class='ocrx_word' id='word_1_171' title='bbox 1260 1795 1621 1836; x_wconf 88' lang='lat' dir='ltr'>commoremur?</span> <span class='ocrx_word' id='word_1_172' title='bbox 1684 1794 1846 1835; x_wconf 89' lang='lat' dir='ltr'>Nonne</span> 
     </span>
     <span class='ocr_line' id='line_1_43' title="bbox 572 1864 1847 1921; baseline -0.004 -13"><span class='ocrx_word' id='word_1_173' title='bbox 572 1869 658 1908; x_wconf 89' lang='lat' dir='ltr'>iam</span> <span class='ocrx_word' id='word_1_174' title='bbox 695 1867 825 1921; x_wconf 86' lang='lat' dir='ltr'>plane</span> <span class='ocrx_word' id='word_1_175' title='bbox 859 1871 1045 1919; x_wconf 87' lang='lat' dir='ltr'>apparet</span> <span class='ocrx_word' id='word_1_176' title='bbox 1081 1878 1216 1918; x_wconf 87' lang='lat' dir='ltr'>quam</span> <span class='ocrx_word' id='word_1_177' title='bbox 1254 1864 1386 1917; x_wconf 83' lang='lat' dir='ltr'>longe</span> <span class='ocrx_word' id='word_1_178' title='bbox 1417 1864 1546 1904; x_wconf 89' lang='lat' dir='ltr'>huius</span> <span class='ocrx_word' id='word_1_179' title='bbox 1577 1877 1647 1904; x_wconf 87' lang='lat' dir='ltr'>ars</span> <span class='ocrx_word' id='word_1_180' title='bbox 1678 1864 1847 1917; x_wconf 85' lang='lat' dir='ltr'>tragica</span> 
     </span>
     <span class='ocr_line' id='line_1_44' title="bbox 571 1933 1301 1978; baseline -0.007 -1"><span class='ocrx_word' id='word_1_181' title='bbox 571 1937 628 1978; x_wconf 87' lang='lat' dir='ltr'>ab</span> <span class='ocrx_word' id='word_1_182' title='bbox 660 1937 776 1977; x_wconf 90' lang='lat' dir='ltr'>illius</span> <span class='ocrx_word' id='word_1_183' title='bbox 809 1936 979 1976; x_wconf 88' lang='lat' dir='ltr'>ratione</span> <span class='ocrx_word' id='word_1_184' title='bbox 1011 1933 1301 1976; x_wconf 85' lang='lat' dir='ltr'>abhorreret?</span> 
     </span>
    </p>
   </div>
   <div class='ocr_carea' id='block_1_7' title="bbox 572 2035 1845 2162">
    <p class='ocr_par' dir='ltr' id='par_1_10' title="bbox 572 2035 1845 2162">
     <span class='ocr_line' id='line_1_45' title="bbox 632 2035 1845 2085; baseline -0.004 -5"><span class='ocrx_word' id='word_1_185' title='bbox 632 2040 863 2080; x_wconf 86' lang='lat' dir='ltr'>Hactenus</span> <span class='ocrx_word' id='word_1_186' title='bbox 876 2039 931 2079; x_wconf 89' lang='lat' dir='ltr'>de</span> <span class='ocrx_word' id='word_1_187' title='bbox 945 2037 1118 2078; x_wconf 88' lang='lat' dir='ltr'>theatro</span> <span class='ocrx_word' id='word_1_188' title='bbox 1131 2043 1176 2077; x_wconf 92' lang='lat' dir='ltr'>et</span> <span class='ocrx_word' id='word_1_189' title='bbox 1189 2036 1422 2077; x_wconf 78' lang='lat' dir='ltr'>actoribus.</span> <span class='ocrx_word' id='word_1_190' title='bbox 1483 2036 1578 2075; x_wconf 89' lang='lat' dir='ltr'>Iam</span> <span class='ocrx_word' id='word_1_191' title='bbox 1596 2049 1711 2085; x_wconf 88' lang='lat' dir='ltr'>vero,</span> <span class='ocrx_word' id='word_1_192' title='bbox 1728 2035 1845 2076; x_wconf 90' lang='lat' dir='ltr'>unde</span> 
     </span>
     <span class='ocr_line' id='line_1_46' title="bbox 572 2104 1843 2162; baseline -0.004 -12"><span class='ocrx_word' id='word_1_193' title='bbox 572 2109 822 2162; x_wconf 83' lang='lat' dir='ltr'>Tragoedia</span> <span class='ocrx_word' id='word_1_194' title='bbox 848 2108 944 2161; x_wconf 89' lang='lat' dir='ltr'>ipsa</span> <span class='ocrx_word' id='word_1_195' title='bbox 970 2114 1013 2148; x_wconf 90' lang='lat' dir='ltr'>et</span> <span class='ocrx_word' id='word_1_196' title='bbox 1035 2108 1149 2148; x_wconf 89' lang='lat' dir='ltr'>inter</span> <span class='ocrx_word' id='word_1_197' title='bbox 1175 2105 1368 2147; x_wconf 87' lang='lat' dir='ltr'>Graecos</span> <span class='ocrx_word' id='word_1_198' title='bbox 1395 2110 1438 2145; x_wconf 90' lang='lat' dir='ltr'>et</span> <span class='ocrx_word' id='word_1_199' title='bbox 1464 2105 1578 2146; x_wconf 86' lang='lat' dir='ltr'>inter</span> <span class='ocrx_word' id='word_1_200' title='bbox 1606 2104 1843 2146; x_wconf 87' lang='lat' dir='ltr'>Britannos</span> 
     </span>
    </p>
   </div>
   <div class='ocr_carea' id='block_1_8' title="bbox 567 2199 1846 2677">
    <p class='ocr_par' dir='ltr' id='par_1_11' title="bbox 614 2199 1072 2241">
     <span class='ocr_line' id='line_1_47' title="bbox 614 2199 1072 2241; baseline -0.007 -9"><span class='ocrx_word' id='word_1_201' title='bbox 614 2199 712 2232; x_wconf 86' lang='lat' dir='ltr'>¹Vi‹l.</span> <span class='ocrx_word' id='word_1_202' title='bbox 733 2206 844 2241; x_wconf 73' lang='lat' dir='ltr'>supra,</span> <span class='ocrx_word' id='word_1_203' title='bbox 866 2210 898 2241; x_wconf 84' lang='lat' dir='ltr'>p.</span> <span class='ocrx_word' id='word_1_204' title='bbox 921 2207 971 2237; x_wconf 88' lang='lat'>12,</span> <span class='ocrx_word' id='word_1_205' title='bbox 991 2209 1021 2229; x_wconf 89' lang='lat' dir='ltr'>n.</span> <span class='ocrx_word' id='word_1_206' title='bbox 1044 2206 1072 2239; x_wconf 86' lang='lat'>3.</span> 
     </span>
    </p>

    <p class='ocr_par' dir='ltr' id='par_1_12' title="bbox 569 2250 1846 2404">
     <span class='ocr_line' id='line_1_48' title="bbox 612 2250 1842 2295; baseline -0.004 -8"><span class='ocrx_word' id='word_1_207' title='bbox 612 2256 624 2274; x_wconf 74' lang='lat'>²</span> <span class='ocrx_word' id='word_1_208' title='bbox 641 2255 807 2295; x_wconf 66' lang='lat' dir='ltr'>Seme-gel,</span> <span class='ocrx_word' id='word_1_209' title='bbox 830 2260 878 2295; x_wconf 77' lang='lat' dir='ltr'>op.</span> <span class='ocrx_word' id='word_1_210' title='bbox 898 2254 966 2291; x_wconf 64' lang='lat' dir='ltr'>cit„</span> <span class='ocrx_word' id='word_1_211' title='bbox 991 2254 1082 2284; x_wconf 77' lang='lat' dir='ltr'>Lect.</span> <span class='ocrx_word' id='word_1_212' title='bbox 1108 2252 1128 2284; x_wconf 86' lang='lat' dir='ltr'>i.</span> <span class='ocrx_word' id='word_1_213' title='bbox 1155 2263 1187 2293; x_wconf 83' lang='lat' dir='ltr'>p.</span> <span class='ocrx_word' id='word_1_214' title='bbox 1212 2260 1266 2289; x_wconf 89' lang='lat'>22,</span> <span class='ocrx_word' id='word_1_215' title='bbox 1285 2251 1326 2282; x_wconf 93' lang='lat' dir='ltr'>iv.</span> <span class='ocrx_word' id='word_1_216' title='bbox 1350 2262 1381 2292; x_wconf 89' lang='lat' dir='ltr'>p.</span> <span class='ocrx_word' id='word_1_217' title='bbox 1400 2251 1454 2290; x_wconf 84' lang='lat'>63,</span> <span class='ocrx_word' id='word_1_218' title='bbox 1480 2250 1555 2281; x_wconf 84' lang='lat' dir='ltr'>xxii.</span> <span class='ocrx_word' id='word_1_219' title='bbox 1583 2261 1614 2292; x_wconf 88' lang='lat' dir='ltr'>p.</span> <span class='ocrx_word' id='word_1_220' title='bbox 1641 2258 1722 2291; x_wconf 77' lang='lat'>3433</span> <span class='ocrx_word' id='word_1_221' title='bbox 1747 2250 1842 2282; x_wconf 89' lang='lat' dir='ltr'>Cole-</span> 
     </span>
     <span class='ocr_line' id='line_1_49' title="bbox 569 2305 1846 2350; baseline -0.004 -9"><span class='ocrx_word' id='word_1_222' title='bbox 569 2310 672 2350; x_wconf 73' lang='lat' dir='ltr'>ridge,</span> <span class='ocrx_word' id='word_1_223' title='bbox 696 2315 743 2350; x_wconf 77' lang='lat' dir='ltr'>ap.</span> <span class='ocrx_word' id='word_1_224' title='bbox 769 2310 835 2347; x_wconf 58' lang='lat' dir='ltr'>cia,</span> <span class='ocrx_word' id='word_1_225' title='bbox 862 2309 941 2339; x_wconf 76' lang='lat' dir='ltr'>Pars</span> <span class='ocrx_word' id='word_1_226' title='bbox 965 2308 1006 2346; x_wconf 93' lang='lat'>1.,</span> <span class='ocrx_word' id='word_1_227' title='bbox 1032 2308 1123 2338; x_wconf 87' lang='lat' dir='ltr'>Leet.</span> <span class='ocrx_word' id='word_1_228' title='bbox 1145 2306 1204 2345; x_wconf 85' lang='lat' dir='ltr'>ix.‚</span> <span class='ocrx_word' id='word_1_229' title='bbox 1232 2317 1262 2348; x_wconf 86' lang='lat' dir='ltr'>p.</span> <span class='ocrx_word' id='word_1_230' title='bbox 1288 2314 1370 2344; x_wconf 73' lang='lat'>1215</span> <span class='ocrx_word' id='word_1_231' title='bbox 1396 2305 1523 2347; x_wconf 83' lang='lat' dir='ltr'>lIaigh,</span> <span class='ocrx_word' id='word_1_232' title='bbox 1542 2305 1576 2336; x_wconf 89' lang='lat' dir='ltr'>in</span> <span class='ocrx_word' id='word_1_233' title='bbox 1598 2305 1664 2336; x_wconf 70' lang='lat' dir='ltr'>Tlte</span> <span class='ocrx_word' id='word_1_234' title='bbox 1687 2306 1846 2337; x_wconf 67' lang='lat' dir='ltr'>Classical</span> 
     </span>
     <span class='ocr_line' id='line_1_50' title="bbox 569 2364 1032 2404; baseline -0.006 -8"><span class='ocrx_word' id='word_1_235' title='bbox 569 2366 708 2403; x_wconf 73' lang='lat' dir='ltr'>Rcvicw,</span> <span class='ocrx_word' id='word_1_236' title='bbox 728 2364 791 2395; x_wconf 80' lang='lat' dir='ltr'>vol.</span> <span class='ocrx_word' id='word_1_237' title='bbox 814 2364 887 2401; x_wconf 68' lang='lat' dir='ltr'>IV„</span> <span class='ocrx_word' id='word_1_238' title='bbox 908 2374 938 2404; x_wconf 86' lang='lat' dir='ltr'>p.</span> <span class='ocrx_word' id='word_1_239' title='bbox 960 2369 1032 2402; x_wconf 89' lang='lat'><strong>279.</strong></span> 
     </span>
    </p>

    <p class='ocr_par' dir='ltr' id='par_1_13' title="bbox 612 2419 967 2459">
     <span class='ocr_line' id='line_1_51' title="bbox 612 2419 967 2459; baseline -0.006 -9"><span class='ocrx_word' id='word_1_240' title='bbox 612 2419 624 2437; x_wconf 77' lang='lat'>²⁵</span> <span class='ocrx_word' id='word_1_241' title='bbox 638 2419 711 2450; x_wconf 79' lang='lat' dir='ltr'>vid.</span> <span class='ocrx_word' id='word_1_242' title='bbox 730 2423 844 2459; x_wconf 65' lang='lat' dir='ltr'>supra,</span> <span class='ocrx_word' id='word_1_243' title='bbox 864 2429 894 2459; x_wconf 82' lang='lat' dir='ltr'>p.</span> <span class='ocrx_word' id='word_1_244' title='bbox 920 2426 967 2448; x_wconf 92' lang='lat'>11.</span> 
     </span>
    </p>

    <p class='ocr_par' dir='ltr' id='par_1_14' title="bbox 567 2469 1843 2677">
     <span class='ocr_line' id='line_1_52' title="bbox 612 2469 1839 2513; baseline -0.004 -8"><span class='ocrx_word' id='word_1_245' title='bbox 612 2473 624 2491; x_wconf 87' lang='lat'>&#39;²</span> <span class='ocrx_word' id='word_1_246' title='bbox 642 2473 681 2505; x_wconf 90' lang='lat' dir='ltr'>In</span> <span class='ocrx_word' id='word_1_247' title='bbox 701 2474 803 2504; x_wconf 84' lang='lat' dir='ltr'>Aiace</span> <span class='ocrx_word' id='word_1_248' title='bbox 820 2476 1011 2513; x_wconf 79' lang='lat' dir='ltr'>comparent</span> <span class='ocrx_word' id='word_1_249' title='bbox 1028 2481 1107 2502; x_wconf 78' lang='lat' dir='ltr'>sane</span> <span class='ocrx_word' id='word_1_250' title='bbox 1124 2470 1276 2501; x_wconf 82' lang='lat' dir='ltr'>undecim</span> <span class='ocrx_word' id='word_1_251' title='bbox 1295 2469 1373 2508; x_wconf 76' lang='lat' dir='ltr'>(vid.</span> <span class='ocrx_word' id='word_1_252' title='bbox 1395 2469 1448 2500; x_wconf 88' lang='lat' dir='ltr'>W.</span> <span class='ocrx_word' id='word_1_253' title='bbox 1471 2469 1624 2508; x_wconf 83' lang='lat' dir='ltr'>Dindors,</span> <span class='ocrx_word' id='word_1_254' title='bbox 1645 2470 1728 2501; x_wconf 73' lang='lat' dir='ltr'>l&#39;oet.</span> <span class='ocrx_word' id='word_1_255' title='bbox 1748 2470 1839 2501; x_wconf 79' lang='lat' dir='ltr'>Scen.</span> 
     </span>
     <span class='ocr_line' id='line_1_53' title="bbox 573 2524 1842 2567; baseline -0.004 -8"><span class='ocrx_word' id='word_1_256' title='bbox 573 2530 699 2567; x_wconf 60' lang='lat' dir='ltr'>(li-amn,</span> <span class='ocrx_word' id='word_1_257' title='bbox 719 2529 770 2559; x_wconf 78' lang='lat' dir='ltr'>ed.</span> <span class='ocrx_word' id='word_1_258' title='bbox 793 2536 820 2567; x_wconf 90' lang='lat'>7,</span> <span class='ocrx_word' id='word_1_259' title='bbox 850 2527 942 2565; x_wconf 75' lang='lat'>1881,</span> <span class='ocrx_word' id='word_1_260' title='bbox 971 2538 1001 2567; x_wconf 66' lang='grc' dir='ltr'>ι).</span> <span class='ocrx_word' id='word_1_261' title='bbox 1027 2526 1093 2564; x_wconf 75' lang='grc'>80),</span> <span class='ocrx_word' id='word_1_262' title='bbox 1112 2536 1252 2566; x_wconf 81' lang='lat' dir='ltr'>quorum</span> <span class='ocrx_word' id='word_1_263' title='bbox 1273 2530 1382 2555; x_wconf 79' lang='lat' dir='ltr'>tamen</span> <span class='ocrx_word' id='word_1_264' title='bbox 1406 2529 1481 2562; x_wconf 77' lang='lat' dir='ltr'>tres,</span> <span class='ocrx_word' id='word_1_265' title='bbox 1509 2524 1701 2565; x_wconf 78' lang='lat' dir='ltr'>Eurysaces,</span> <span class='ocrx_word' id='word_1_266' title='bbox 1724 2524 1842 2565; x_wconf 83' lang='lat' dir='ltr'>paeda-</span> 
     </span>
     <span class='ocr_line' id='line_1_54' title="bbox 567 2578 1843 2625; baseline -0.003 -11"><span class='ocrx_word' id='word_1_267' title='bbox 567 2594 683 2625; x_wconf 74' lang='lat' dir='ltr'>gogus,</span> <span class='ocrx_word' id='word_1_268' title='bbox 713 2583 858 2620; x_wconf 83' lang='lat' dir='ltr'>tubicen,</span> <span class='ocrx_word' id='word_1_269' title='bbox 888 2582 1010 2612; x_wconf 75' lang='lat' dir='ltr'>ideireo</span> <span class='ocrx_word' id='word_1_270' title='bbox 1037 2580 1223 2621; x_wconf 80' lang='lat' dir='ltr'>excipiendi</span> <span class='ocrx_word' id='word_1_271' title='bbox 1255 2584 1341 2617; x_wconf 76' lang='lat' dir='ltr'>sunt,</span> <span class='ocrx_word' id='word_1_272' title='bbox 1375 2579 1452 2620; x_wconf 83' lang='lat' dir='ltr'>quia</span> <span class='ocrx_word' id='word_1_273' title='bbox 1478 2579 1521 2610; x_wconf 88' lang='lat' dir='ltr'>ab</span> <span class='ocrx_word' id='word_1_274' title='bbox 1551 2578 1646 2610; x_wconf 78' lang='lat' dir='ltr'>initio</span> <span class='ocrx_word' id='word_1_275' title='bbox 1672 2589 1774 2620; x_wconf 85' lang='lat' dir='ltr'>usque</span> <span class='ocrx_word' id='word_1_276' title='bbox 1800 2579 1843 2610; x_wconf 84' lang='lat' dir='ltr'>ad</span> 
     </span>
     <span class='ocr_line' id='line_1_55' title="bbox 569 2634 1375 2677; baseline -0.007 -7"><span class='ocrx_word' id='word_1_277' title='bbox 569 2638 668 2670; x_wconf 83' lang='lat' dir='ltr'>linem</span> <span class='ocrx_word' id='word_1_278' title='bbox 692 2648 732 2669; x_wconf 90' lang='lat' dir='ltr'>ne</span> <span class='ocrx_word' id='word_1_279' title='bbox 756 2647 858 2668; x_wconf 83' lang='lat' dir='ltr'>unum</span> <span class='ocrx_word' id='word_1_280' title='bbox 881 2636 1015 2677; x_wconf 86' lang='lat' dir='ltr'>quidem</span> <span class='ocrx_word' id='word_1_281' title='bbox 1039 2635 1175 2667; x_wconf 85' lang='lat' dir='ltr'>verbum</span> <span class='ocrx_word' id='word_1_282' title='bbox 1193 2634 1375 2666; x_wconf 75' lang='lat' dir='ltr'>effundunt.</span> 
     </span>
    </p>
   </div>
  </div>
 </body>
</html>
