2013 3328
500 319 550 366 64
759 317 1040 350 SOPHOCLES
1071 317 1173 348 AND
1206 317 1501 351 SHAKSPERE.
1631 319 1698 350 III.
1721 318 1767 359 (4)

494 433 539 468 et
580 433 723 480 capta,
764 431 878 480 “spe
924 427 1046 467 nulla
1091 426 1309 467 libertatis
1354 427 1517 478 oblata,
1560 433 1608 468 ut
1654 441 1768 481 quae

493 496 752 538 fortitudine
797 495 911 538 virili
958 502 1084 544 esset,
1127 502 1316 537 mortem
1364 497 1446 537 sibi
1492 495 1768 538 conscivit.”1

498 567 598 607 Hoc
639 573 788 607 tamen
837 579 970 606 omne
1017 579 1097 618 pro
1139 579 1219 605 sua
1263 566 1434 606 ratione
1474 567 1768 607 commutavit

495 635 804 689 Shaksperius.
882 635 1070 683 Deinde,
1111 635 1155 674 id
1197 634 1316 687 quod
1362 634 1542 676 Graecis
1583 636 1767 676 omnino

494 719 581 746 non
608 705 742 754 licuit,
765 704 941 745 fabulae
966 703 1067 744 huic
1088 703 1307 744 diversam
1335 703 1519 745 alteram
1543 704 1768 754 intexuit,2

492 775 570 816 sed
603 775 665 815 ita
696 779 756 824 ut,
777 773 908 814 huius
939 773 1074 813 etiam
1107 773 1232 813 exitu
1265 773 1447 813 omnino
1479 780 1765 823 commutato,

492 845 680 898 primam
723 843 890 896 optime
936 841 1282 895 amplificaverit.
1364 841 1480 883 Sunt
1528 843 1602 896 qui
1652 843 1765 883 arbi-

491 919 664 954 trantur
709 912 881 953 duabus
928 911 1090 952 fabulis
1131 911 1173 951 in
1218 924 1354 951 unum
1400 911 1461 952 sic
1508 912 1765 961 coniunctis,

493 982 813 1035 Shaksperium
837 980 1090 1034 neglexisse
1112 986 1398 1034 praeceptum
1421 980 1531 1021 illud
1558 981 1732 1022 Horatii
1756 995 1764 1022 ε

550 1072 759 1118 “Denique
785 1072 832 1107 sit
857 1072 1016 1118 quidvis,
1043 1071 1199 1117 simplex
1225 1071 1419 1107 dumtaxat
1444 1077 1481 1107 et
1506 1083 1621 1106 unum
1639 1072 1706 1115 3³²3

490 1154 735 1208 simplicem
788 1167 876 1194 non
928 1166 1023 1194 esse
1073 1152 1270 1194 fabulam
1316 1153 1585 1203 conceditur,
1628 1166 1762 1194 unam

490 1230 641 1265 tamen
689 1236 776 1264 non
824 1236 919 1263 esse
964 1222 1251 1263 vehementer
1300 1224 1544 1276 negamus.4
1620 1223 1763 1266 Shak-

489 1294 658 1347 sperius
687 1293 816 1341 enirn,
841 1306 928 1346 qua
957 1299 1051 1332 erat
1080 1298 1185 1341 arte,
1208 1292 1268 1333 sic
1297 1292 1441 1333 effecit
1473 1298 1532 1341 ut,
1556 1292 1762 1334 Glosterii

489 1367 532 1401 et
555 1360 631 1400 filii
655 1360 875 1399 miseriam
899 1359 1257 1412 contemplando,
1280 1359 1417 1411 Regis
1440 1359 1575 1413 ipsius
1597 1365 1759 1400 sortem

489 1436 534 1470 et
583 1429 815 1471 Cordeliae
857 1428 926 1469 vel
977 1428 1144 1468 maiore
1191 1428 1340 1468 studio
1383 1434 1653 1481 spectatores
1698 1429 1761 1468 in-

488 1504 725 1540 tuerentur.
784 1498 902 1552 Quid
935 1511 1040 1550 ergo
1069 1497 1225 1550 plura?
1281 1496 1515 1538 Artificem
1547 1497 1759 1551 Sophocli

488 1582 593 1609 sane
624 1567 979 1616 dissimillimum,
1008 1567 1084 1607 sed
1112 1580 1199 1607 non
1231 1572 1383 1607 tamen
1417 1567 1632 1620 imparem
1664 1581 1760 1608 esse

489 1637 807 1690 Shaksperium
840 1635 1038 1689 profecto
1069 1635 1401 1676 concedendum
1435 1643 1511 1678 est.

268 1747 428 1806 Fojlyioss)
546 1747 642 1788 Nec
678 1747 823 1786 minus
860 1746 903 1786 in
940 1745 1023 1786 hoc
1062 1750 1212 1785 exstat
1249 1758 1401 1786 eorum
1438 1745 1674 1794 subtilitas,
1710 1751 1759 1785 ut

269 1815 422 1880 ἱεὶς-,ῥῖψε
487 1816 560 1856 ille
601 1816 675 1869 qui
722 1821 789 1856 est
835 1814 1128 1855 secundarum
1171 1820 1247 1854 aut
1292 1812 1521 1855 tertiarum
1566 1815 1758 1867 partium

269 1881 467 1948 5²55}ssssssss
487 1885 635 1926 indole
676 1891 767 1926 tam
811 1883 1013 1925 dissimili
1055 1897 1268 1937 persaepe
1304 1884 1361 1924 sit
1401 1884 1639 1937 praeditus,
1671 1897 1760 1936 quo

487 1955 643 1996 clarius
694 1955 788 2008 ipse
830 1954 1069 2006 primarum
1123 1959 1244 1993 actor
1294 1966 1393 1993 cum
1446 1952 1521 1993 illo
1572 1953 1758 1994 collatus

269 2046 305 2070 In
487 2024 669 2065 eluceat.
748 2023 934 2076 Ulysses
981 2023 1097 2063 enim
1146 2023 1189 2062 in
1241 2022 1393 2071 Aiace,
1447 2022 1568 2063 nulla
1623 2023 1757 2063 animi

268 2079 423 2111 S⁰ffl²⁰⁶l⁶⁵‘
486 2093 815 2148 perturbatione
856 2093 1060 2145 agitatus,
1103 2105 1236 2145 quam
1279 2092 1411 2144 longe
1452 2105 1540 2132 non
1583 2098 1757 2133 tantum

528 2215 538 2234 ¹
558 2215 756 2253 Holinshed,
775 2220 821 2255 op.
841 2215 908 2253 cit„
933 2226 964 2256 p.
990 2223 1050 2245 20:
1078 2215 1100 2230 “
1115 2213 1178 2245 Hir
1201 2218 1267 2245 two
1290 2214 1477 2255 Nephewes
1495 2238 1502 2245 .
1525 2238 1531 2245 .
1553 2237 1559 2246 .
1580 2224 1699 2245 sonnes
1723 2219 1757 2245 to

484 2271 534 2302 hir
557 2270 738 2302 aforesaide
762 2270 874 2301 sisters
898 2293 905 2300 .
934 2293 940 2300 .
970 2293 976 2300 .
1005 2268 1111 2300 leuied
1135 2280 1237 2300 warre
1260 2268 1387 2309 against
1410 2268 1472 2306 hir,
1495 2268 1560 2299 and
1584 2269 1756 2309 destroyed

483 2338 502 2357 a
517 2331 608 2367 great
630 2330 701 2367 part
717 2325 754 2355 of
774 2325 828 2355 the
845 2324 933 2362 land,
952 2324 1017 2355 and
1034 2324 1146 2364 finally
1162 2324 1261 2354 tooke
1278 2324 1328 2354 hir
1352 2323 1509 2364 prisoner,
1528 2324 1593 2354 and
1610 2324 1683 2364 leyd
1708 2323 1758 2354 hir

483 2381 545 2412 fast
572 2380 729 2417 inward,
755 2379 925 2411 wherwith
948 2380 1024 2410 shee
1053 2378 1151 2409 tooke
1174 2379 1274 2409 suche
1300 2378 1412 2419 griese,
1439 2378 1556 2419 beeing
1582 2389 1601 2409 a
1627 2389 1757 2409 woman

482 2435 519 2466 of
541 2446 560 2466 a
583 2435 694 2475 manly
717 2445 867 2475 courage,
893 2434 958 2464 and
981 2433 1177 2475 despayring
1203 2438 1236 2463 to
1264 2444 1395 2464 recouer
1420 2432 1558 2471 libertie,
1585 2433 1675 2464 there
1698 2433 1756 2464 she

482 2491 559 2521 slew
575 2489 741 2521 hirselfe.”

525 2544 537 2562 ²
550 2544 624 2575 Vid.
645 2543 741 2574 Aldis
756 2543 898 2583 Wright,
916 2547 962 2582 op.
982 2542 1049 2579 cit„
1068 2552 1122 2583 pp.
1143 2541 1185 2572 ix.
1206 2552 1277 2582 sqq.

524 2598 536 2616 '³'
555 2599 637 2629 Hor.
659 2599 727 2628 Ars
743 2598 877 2634 Poetica,
897 2606 946 2637 23.

530 2653 604 2684 ³Cf.
626 2653 788 2693 Schlegel,
810 2656 857 2692 op.
877 2652 943 2687 cit.7
965 2651 1054 2681 Lect.
1076 2661 1165 2687 xxv„
1185 2661 1215 2691 p.
1237 2659 1310 2688 412.
