2013 3328
549 314 599 353 50
806 301 1086 335 SOPHOCLES
1118 300 1221 332 AND
1253 299 1548 333 SHAKSPERE.
1704 298 1750 330 11.
1769 299 1816 339 (5)

605 410 706 465 Qua
760 411 803 451 in
855 410 1158 464 disputatione
1213 423 1302 450 non
1358 409 1540 450 minime
1596 408 1816 455 miramur,

328 489 526 516 mmm-eon
546 481 664 533 quod
696 481 816 534 apud
850 479 1055 528 Graecos
1082 479 1282 519 oratione
1313 479 1459 519 soluta
1490 491 1706 531 nusquam
1738 477 1816 525 usi,

327 523 374 547 tlu·
386 524 477 549 Greek

326 557 424 589 Stage.

323 907 351 932 E
352 908 424 939 xpla
428 917 476 933 na-

323 942 384 966 tion
396 942 431 972 qs
439 943 478 967 its

321 975 346 1000 A
352 975 452 1001 bsence.

544 550 738 590 numeris
766 549 1018 602 tragoedias
1047 554 1164 589 totas
1187 561 1325 600 usque
1354 548 1410 588 ab
1439 548 1565 589 initio
1594 547 1650 588 ad
1679 546 1812 587 finem

543 624 873 659 exornaverunt
890 623 1060 671 poetae.
1115 616 1294 669 Ubique
1308 616 1520 666 homines,
1537 616 1607 657 vel
1624 614 1815 656 humiles

543 694 586 729 et
605 688 840 738 inferiores,
858 687 1055 728 versibus
1072 685 1281 739 expolitis
1299 685 1549 739 loquuntur.
1600 685 1815 726 Versibus

542 758 658 798 enirn
692 770 825 810 quam
858 755 1105 809 magnificis
1134 756 1176 795 in
1205 754 1438 808 Antigone
1469 760 1658 795 mortem
1692 753 1812 793 Hae-

544 827 688 867 monis
728 826 862 866 choro
907 826 1026 866 rudis
1069 824 1143 865 ille
1186 824 1367 864 nuntius
1410 822 1649 864 declarat!1
1723 822 1813 864 Cur

541 902 690 937 autem
741 895 930 935 orationi
981 893 1153 934 solutae
1206 892 1350 934 locum
1405 893 1588 933 omnino
1640 890 1810 932 nullum

541 965 743 1006 dederint
784 970 944 1017 poetae
984 976 1072 1003 non
1114 962 1221 1003 satis
1258 963 1371 1003 inter
1406 962 1582 1003 criticos
1615 967 1812 1011 constat;

538 1040 643 1075 sunt
689 1034 763 1087 qui
810 1033 933 1074 vocis
974 1032 1269 1073 instrumento
1310 1045 1488 1072 causam
1531 1030 1810 1079 attribuunt‚2

539 1102 741 1144 nonnulli
786 1103 920 1142 etiam
961 1101 1139 1142 vestitui
1190 1107 1390 1142 actorum
1437 1100 1696 1149 lautissimo,
1739 1100 1807 1140 cui

537 1187 682 1213 sermo
717 1171 910 1224 vulgaris
943 1170 1059 1211 male
1094 1177 1390 1211 conventurus
1426 1168 1639 1220 fuisset;3
1679 1169 1807 1210 nobis

537 1249 686 1283 tamen
709 1241 883 1282 videtur
903 1240 959 1281 ad
981 1240 1066 1281 hoc
1087 1240 1234 1293 potius
1255 1238 1532 1280 referendum
1556 1252 1663 1288 esse,
1687 1239 1806 1291 quod

539 1325 669 1352 nemo
690 1311 835 1351 adhuc
857 1323 1034 1363 prosam
1057 1309 1165 1349 satis
1186 1308 1454 1349 elaborasset
1473 1321 1482 1358 ;
1513 1308 1548 1348 si
1571 1309 1669 1361 quis
1690 1308 1808 1348 enim

537 1381 593 1421 de
618 1393 761 1421 rerum
790 1385 947 1420 natura
975 1379 1163 1419 scribere
1187 1378 1400 1427 voluerat,
1426 1383 1474 1418 ut
1501 1377 1809 1430 Empedocles,

538 1451 573 1490 si
605 1450 704 1503 quis
735 1449 791 1490 de
826 1462 872 1489 re
903 1448 1064 1489 rustica
1096 1453 1144 1488 ut
1181 1447 1421 1496 Hesiodus,
1451 1459 1679 1499 nunquam
1711 1460 1806 1486 ora-

536 1520 657 1560 tione
688 1518 834 1559 soluta
865 1518 942 1558 sed
980 1517 1174 1557 numeris
1210 1530 1385 1570 semper
1420 1516 1485 1556 usi
1522 1522 1660 1564 erant,
1692 1516 1809 1556 unde

538 1602 617 1629 nec
663 1586 915 1640 Aeschylus
960 1600 1041 1627 nec
1085 1586 1216 1626 ceteri
1259 1586 1333 1638 qui
1375 1599 1475 1625 eum
1517 1585 1656 1625 secuti
1707 1591 1808 1624 sunt

539 1658 685 1698 locum
723 1656 860 1697 ullum
899 1656 1088 1696 orationi
1120 1655 1292 1695 solutae
1324 1655 1553 1695 dederunt.

843 1819 932 1851 How
947 1819 1005 1850 the
1021 1818 1189 1850 Cothurns
1205 1818 1278 1849 trod
1295 1817 1443 1858 majestic

884 1874 995 1905 Down
1011 1873 1067 1904 the
1082 1873 1166 1914 deep
1184 1872 1311 1903 Iambic
1327 1871 1421 1910 lines,

840 1929 918 1960 And
935 1928 991 1959 the
1007 1927 1128 1968 rolling
1144 1926 1345 1968 Anapaestic

883 1982 1007 2014 Curled
1023 1982 1090 2014 like
1106 1992 1231 2023 vapour
1248 1991 1326 2012 over
1342 1980 1469 2012 shrines
1487 1982 1494 2012 !
1508 1979 1526 1993 ’⁹

581 2037 591 2056 1
610 2037 713 2079 Soph.
733 2039 816 2068 Ant.
841 2044 921 2078 1155
938 2047 1009 2078 sqq.

580 2092 593 2111 2
611 2092 662 2123 Cf.
680 2091 821 2133 Stapfer,
840 2097 887 2132 op.
907 2092 977 2129 cit„
995 2101 1067 2132 cap.
1088 2090 1149 2129 iii„
1169 2101 1198 2132 p.
1218 2090 1275 2131 56:
1301 2091 1323 2105 “
1336 2090 1400 2121 Les
1415 2089 1580 2130 appareils
1595 2087 1744 2126 d'airain,
1764 2089 1812 2120 les

539 2148 641 2178 lanies
656 2146 777 2179 d'acier
793 2157 834 2177 ou
851 2147 893 2177 de
908 2146 1030 2177 bronze
1043 2146 1123 2177 dont
1140 2146 1187 2177 les
1202 2144 1306 2176 levres
1322 2145 1363 2176 de
1379 2144 1512 2176 l'aeteur
1529 2143 1650 2176 etaient
1666 2144 1807 2184 garnies,

538 2202 605 2233 afin
616 2212 680 2243 que
693 2212 728 2232 sa
740 2201 815 2232 voix
828 2199 935 2232 vibrzsszt
948 2200 1132 2241 davantage
1144 2205 1177 2232 et
1189 2199 1244 2231 efit
1261 2200 1334 2241 plus
1346 2199 1387 2230 de
1401 2200 1531 2230 volume
1544 2203 1576 2230 et
1591 2199 1664 2240 plus
1676 2197 1806 2231 d’eclat.

539 2257 673 2288 Grossie
696 2266 755 2297 par
778 2266 815 2287 ce
839 2266 958 2296 moyen
981 2255 1109 2294 sactice,
1131 2255 1162 2286 la
1181 2254 1257 2286 voix
1281 2265 1322 2286 ne
1342 2254 1477 2296 pouvait
1500 2252 1599 2295 guere
1622 2253 1810 2295 s’assouplir

539 2322 602 2343 aux
619 2311 727 2342 divers
743 2310 936 2342 sentiments
952 2310 997 2341 du
1014 2309 1084 2341 role
1103 2314 1135 2341 et
1158 2319 1302 2341 nuaneer
1321 2308 1568 2350 agreablement
1591 2318 1642 2340 ses
1662 2308 1809 2340 modula-

540 2366 653 2404 tions;
682 2364 763 2397 c’est
785 2365 956 2406 pourquoi,
984 2375 1066 2406 pour
1089 2362 1192 2395 evitet
1218 2374 1284 2395 une
1311 2363 1502 2394 monotonie
1525 2361 1742 2404 deplaisante,
1768 2373 1811 2394 on

541 2420 729 2452 soumettait
753 2420 783 2451 le
806 2418 897 2451 debit
921 2420 979 2450 des
1001 2425 1129 2450 acteurs
1152 2417 1171 2449 ἐι
1195 2429 1239 2449 un
1262 2418 1391 2459 rythme
1412 2418 1549 2449 musical
1568 2417 1624 2458 qui
1645 2427 1686 2448 en
1705 2417 1811 2448 faisait

542 2486 605 2506 une
627 2473 847 2506 declamation
868 2472 965 2505 notee
986 2474 1148 2513 analogue
1172 2471 1191 2504 ὲ
1215 2476 1309 2504 notre
1332 2471 1476 2504 re'citatif
1493 2473 1538 2510 (v.
1563 2472 1744 2513 Chassang‚
1769 2472 1814 2502 Le

543 2529 786 2570 Spiritualz'sme
804 2533 833 2560 et
851 2527 970 2559 l'lde'al
984 2529 1067 2559 dans
1084 2527 1182 2558 l’Art
1199 2532 1227 2558 et
1244 2528 1277 2558 la
1294 2526 1399 2558 Poe'sz'e
1414 2527 1465 2558 des
1485 2526 1626 2565 Grecs).’⁷
1674 2527 1727 2558 De
1748 2526 1812 2558 hoc

544 2585 632 2616 vocis
652 2585 881 2621 instrumento,
899 2583 965 2614 vid.
985 2588 1097 2624 supra,
1116 2593 1148 2624 p.
1169 2591 1200 2622 9,
1216 2593 1247 2613 n.
1272 2591 1297 2613 1.

587 2637 600 2657 ³
616 2639 666 2670 Cf.
689 2637 831 2680 Stapfer‚
848 2643 896 2679 op.
917 2637 983 2675 cit„
1002 2647 1073 2678 cap.
1095 2636 1155 2674 iii.‚
1175 2647 1231 2678 pp.
1251 2636 1302 2673 62,
1324 2635 1375 2676 63.
