1931 3328
201 351 246 383 11.
269 352 316 393 (3)
531 353 729 388 CHORUS
763 355 814 386 IN
847 354 1140 388 SOPHOCLES.
1430 366 1478 405 35

199 462 243 502 in
275 461 527 517 Tragoedia
565 464 750 519 antiqua
781 464 902 519 leges
933 465 1045 506 duas
1079 464 1254 506 divinas
1288 464 1403 505 inter
1434 477 1480 505 se

200 533 324 584 quasi
359 534 661 588 discrepantes
694 549 906 590 persaepe
941 535 1233 589 contemplari
1266 534 1480 585 videmur,

201 616 310 656 quas
346 610 395 644 ut
436 605 672 646 conciliare
713 606 855 659 possit
896 619 1071 646 summo
1109 605 1257 647 studio
1299 605 1481 646 enititur

201 671 412 714 chorus?1
472 675 608 716 Unde
648 675 732 716 hoc
768 675 888 716 aliud
931 675 1051 716 chori
1089 674 1284 716 officium
1322 673 1480 715 heroas

199 743 396 785 caeciore
441 751 620 786 ruentes
670 746 838 799 impetu
891 745 1133 786 admonere
1179 751 1228 786 ut
1276 748 1478 785 ‘auream

200 813 608 856 mediocritatem’2
629 829 804 869 semper
828 814 1077 869 diligerent,
1102 829 1187 855 neu
1215 814 1321 868 quid
1349 813 1480 855 nimis

199 883 347 924 studio
369 884 661 938 indulgerent.
715 885 918 926 Partibus
939 899 1044 926 vero
1068 885 1268 938 utrisque
1289 883 1480 933 favebat,

200 952 262 993 ita
293 959 444 995 tamen
468 961 515 996 ut
545 955 710 996 neutris
736 955 920 996 omnino
948 955 1231 995 consentiret.
1292 953 1481 995 Virtutis

200 1023 332 1074 enim,
365 1025 556 1078 pietatiS,
594 1025 863 1079 integritatis
906 1024 1071 1078 ubique
1114 1024 1329 1074 laudator,
1361 1023 1479 1064 idem

200 1098 350 1135 tamen
386 1095 658 1148 pertinaciae
695 1095 962 1136 immodicae
998 1094 1286 1135 vehementer
1327 1093 1480 1134 adver-

201 1164 392 1206 sabatur.
456 1165 629 1207 Chorus
666 1165 799 1219 igitur
827 1165 954 1219 quasi
988 1166 1103 1206 inter
1132 1169 1313 1218 poetam
1346 1169 1481 1217 atque

201 1235 433 1276 audientes
471 1236 654 1289 positus
696 1236 803 1276 dum
846 1236 954 1276 satis
996 1235 1184 1288 exponit
1231 1234 1337 1287 quid
1385 1234 1480 1288 ipse

200 1311 335 1359 poeta
386 1305 443 1346 de
494 1306 674 1346 numine
717 1306 913 1347 Deorum
966 1305 1141 1354 sentiat,
1183 1304 1302 1344 idem
1350 1303 1481 1344 simul

200 1375 476 1417 audientium
515 1381 689 1417 mentes
720 1381 764 1416 et
797 1375 1053 1424 sententias,
1086 1387 1351 1428 quocunque
1387 1374 1483 1416 vult

200 1452 345 1500 poeta,
369 1446 558 1499 dirigere
585 1451 746 1499 potest.

259 1516 385 1558 Talis
410 1530 516 1557 sane
548 1516 604 1557 ab
636 1515 762 1556 initio
789 1514 977 1564 chorus;
1013 1514 1150 1555 talem
1183 1513 1330 1555 adhuc
1361 1514 1481 1567 apud
1503 1529 1690 1570 mammas

202 1585 472 1641 Sophoclem
511 1599 834 1639 nonnunquam
872 1585 1126 1638 reperimus
1204 1583 1325 1637 Quid
1363 1564 1699 1624 enim²⁷‘5⁰ph⁰⁶le³'

200 1657 256 1698 de
288 1657 544 1710 Antigones
576 1655 710 1697 choro
741 1655 924 1697 dicam?
986 1654 1208 1708 Principio
1241 1654 1480 1696 Creontem

200 1733 245 1769 et
286 1727 549 1781 Antigonen
592 1727 705 1767 inter
745 1739 792 1767 se
833 1725 1098 1766 dimicantes
1140 1724 1482 1777 contemplatus,

201 1812 256 1839 ne
287 1798 386 1851 quis
419 1798 475 1839 ad
512 1797 597 1838 hoc
628 1795 894 1837 discriminis
926 1796 1021 1836 sine
1059 1795 1142 1836 Dis
1174 1808 1267 1835 rem
1302 1800 1481 1848 putaret

200 1869 409 1917 evenisse,
431 1868 487 1909 ad
514 1867 754 1921 praeterita
776 1872 950 1907 mentes
973 1865 1249 1906 audientium
1273 1870 1451 1905 revocat
1474 1878 1482 1905 :

416 1948 561 1998 ἀρχαῖα
580 1947 629 1985 τὰ
648 1945 899 1996 Λαβδακιδᾶν
919 1945 1032 1983 οἴκων
1053 1944 1205 1995 ὁρῶμαι,

416 2014 572 2064 πήματα
594 2011 744 2062 φθιτῶν
764 2011 823 2050 ἐπὶ
842 2012 993 2062 πήμασι
1015 2010 1200 2059 πίπτοντ’,

417 2079 492 2117 οὐδ’
514 2078 767 2117 ἀπαλλάσσει
789 2077 920 2129 γενεὰν
941 2076 1059 2129 γένος,
1082 2076 1175 2115 ἀλλ’
1196 2075 1329 2126 ἐρείπει

420 2144 512 2183 θεῶν
531 2161 599 2191 τις,
622 2143 698 2182 οὐδ’
718 2144 796 2194 ἔχει
820 2141 966 2181 λύσιν.3

202 2226 318 2267 Dein
341 2224 547 2273 Creonte,
568 2223 688 2278 quod
711 2222 879 2263 civitati
905 2228 998 2263 tam
1022 2221 1197 2275 egregie
1217 2219 1478 2269 consuleret,

199 2295 466 2343 collaudato,
493 2294 748 2347 Antigones
771 2298 922 2333 tamen
949 2305 1055 2345 erga
1076 2291 1256 2332 fratrem
1283 2291 1476 2332 occisum

199 2367 414 2420 pietatem
437 2378 525 2405 non
549 2368 698 2416 potest
720 2362 825 2415 quin
850 2362 911 2403 ita
934 2361 1189 2410 admiretur,

417 2438 553 2490 σέβειν
571 2436 639 2488 μὲν
659 2435 837 2487 εὐσέβειά
857 2436 945 2484 τις,4

462 2547 471 2566 ¹
490 2547 542 2580 Cf.
564 2546 708 2588 Stapfer,
726 2552 774 2588 op.
794 2546 862 2584 cit„
881 2556 953 2587 cap.
975 2545 1034 2583 vi.‚
1053 2556 1085 2586 p.
1110 2544 1179 2576 126.

462 2602 474 2621 '3
492 2604 576 2634 Hor.
600 2603 712 2634 Carm.
734 2601 780 2632 ΙΙ.
801 2613 832 2632 Χ.
854 2607 882 2641 5.

461 2657 474 2677 3
491 2657 593 2699 Soph.
614 2657 696 2688 Ant.
719 2662 870 2697 593-599.

461 2713 474 2731 ‘³
490 2712 596 2754 Soph.
615 2713 697 2743 Ant.
718 2711 790 2751 872.
