1931 3328
207 339 337 380 111.(3)
385 338 677 372 SOPHOCLES’
702 339 1004 371 TREATMENT
1029 340 1091 371 OF
1121 340 1386 372 MATERIAL.
1433 344 1479 379 61

265 448 392 502 Quae
434 462 532 489 cum
576 449 639 489 ita
679 450 779 499 sint,
821 449 919 502 quis
961 455 1027 490 est
1069 450 1142 503 qui
1189 449 1485 490 admiratione
1508 456 1662 515 ThJI-(az)

205 519 431 567 afficiatur,
468 519 503 559 si
541 519 647 559 artis
685 519 822 572 ipsius
858 525 952 560 tam
987 519 1185 568 studiosi,
1215 519 1405 560 artifices
1438 533 1485 560 se
1502 524 1669 557 Difference

1502 557 1626 583 between
1640 558 1688 583 tlte

204 589 533 630 sollertissimos
561 589 758 643 undique
787 589 1116 643 praebuerunt?
1179 590 1275 630 Nec
1301 589 1484 630 minime
1498 592 1676 658 §lsfrlssffgfiby

205 659 248 698 in
292 659 478 700 materia
519 659 754 700 tractanda
797 665 935 699 artem
983 672 1107 699 suam
1152 659 1363 699 eximiam
1407 673 1485 699 ex·
1502 660 1651 719 {jffflfss'j

204 729 369 769 hibent.
448 728 567 783 Quid
620 729 677 769 de
727 728 887 769 fabulis
940 729 1269 770 commutandis
1320 727 1704 793 diceretfflffl‘l'gssg‘m

205 797 474 839 Aristoteles
541 812 673 851 supra
741 798 1083 852 exposuimus;1
1145 799 1317 839 exitum
1381 812 1486 852 ergo
1503 795 1706 854 Ξζζῖιζζξὲῖῆἒ

205 867 456 908 fabularum
499 873 776 908 commutare
817 869 925 908 satis
968 869 1080 908 inter
1120 882 1277 909 omnes
1309 873 1487 909 constat
1503 863 1705 943 ZZZ?—

206 951 294 978 non
318 938 493 979 licuisse
517 937 696 979 Graecis
718 938 875 991 poetis,
898 939 974 979 sed
1002 938 1086 978 loci
1109 944 1260 978 tamen
1284 937 1486 979 nonnihil
1661 931 1667 938 ’

204 1008 338 1049 fuisse
370 1008 625 1057 inventioni,
649 1009 743 1057 arti,
766 1008 1056 1061 dispositioni.
1119 1008 1488 1062 Contemplemur

206 1079 324 1119 enim
368 1078 658 1132 Choephoros
699 1077 924 1131 Aeschyli,
971 1077 1206 1131 Sophoclis
1250 1078 1484 1119 Electram.

206 1149 370 1189 Nonne
405 1148 476 1189 hic
513 1149 569 1189 de
606 1148 763 1189 eadem
806 1147 957 1189 fabula
1000 1148 1174 1201 agitur?
1237 1148 1401 1189 Nonne
1442 1149 1484 1189 in

205 1225 392 1272 utraque
414 1218 644 1271 tragoedia
667 1217 785 1258 idem
811 1217 1005 1267 Orestes,
1030 1217 1208 1259 Electra
1229 1219 1386 1259 eadem
1410 1232 1485 1272 ap·
1504 1228 1553 1253 El-

207 1289 363 1343 paret?
421 1288 583 1328 Nonne
605 1287 862 1341 tragoediae
886 1288 1114 1342 utriusque
1136 1288 1285 1328 exitus
1307 1302 1421 1329 unus
1444 1295 1488 1330 et

206 1359 337 1408 idem,
358 1357 565 1399 videlicet
594 1357 980 1410 Clytaemnestrae
1009 1363 1053 1398 et
1080 1357 1289 1411 Aegisthi
1317 1357 1487 1399 letum?

207 1429 516 1471 Concedimus.
569 1427 659 1469 Sed
677 1433 827 1468 tamen
847 1441 981 1481 quam
1000 1427 1132 1480 longe
1150 1428 1287 1469 distat
1304 1427 1413 1469 haec
1431 1428 1488 1469 ab

207 1498 305 1539 illa!
365 1497 503 1551 Apud
531 1496 808 1550 Aeschylum
836 1498 955 1537 enim
982 1497 1146 1550 primas
1174 1498 1267 1551 agit
1295 1497 1487 1548 Orestes,

206 1574 371 1616 contra,
395 1568 437 1607 in
463 1567 667 1608 Electrae
688 1567 826 1608 vitam
849 1573 892 1607 et
916 1567 1110 1607 indolem
1135 1567 1331 1608 studium
1355 1581 1488 1609 omne

206 1637 489 1685 conferendo,
530 1637 640 1677 mira
681 1637 876 1690 quadarn
920 1643 1014 1677 arte
1056 1637 1202 1677 effecit
1242 1636 1488 1690 Sophocles

206 1713 255 1748 ut
299 1706 640 1748 dissimillimam
686 1706 884 1747 fabulam
926 1706 1236 1760 composuerit.
1302 1706 1379 1747 Ad
1423 1707 1487 1747 in-

205 1776 461 1818 ventionem
518 1782 561 1817 et
617 1776 954 1829 dispositionem
1015 1776 1049 1816 si
1112 1789 1228 1817 nunc
1289 1783 1485 1817 mentem

206 1846 522 1895 transferimus,
585 1846 628 1886 in
686 1845 753 1885 his
815 1859 993 1900 quoque
1054 1846 1485 1899 praestantissimum

209 1916 477 1970 Sophoclem
542 1916 799 1956 invenimus.
905 1916 957 1956 In
1021 1915 1105 1956 hac
1170 1916 1487 1970 disputationis

207 1992 333 2040 parte
374 1985 636 2027 confitemur
677 1999 758 2025 nos
799 1984 1040 2039 aliquando
1082 1999 1170 2026 non
1213 2000 1343 2039 posse
1384 2000 1487 2040 cog-

208 2069 390 2097 noscere
440 2062 659 2109 quantum
702 2055 988 2108 scriptoribus
1033 2055 1225 2109 Cyclicis
1268 2056 1323 2097 sit
1365 2058 1488 2098 attri-

207 2126 448 2175 buendum,
498 2130 716 2178 quantum
770 2125 877 2178 ipsis
930 2126 1073 2178 poetis
1124 2126 1330 2179 tragicis;
1398 2127 1488 2176 sed,

207 2202 256 2238 ut
306 2209 554 2250 possumus,
604 2195 660 2236 de
710 2194 945 2249 Sophoclis
994 2196 1250 2236 inventione
1297 2195 1488 2237 breviter

207 2266 483 2318 strictimque
530 2265 812 2306 disseramus.
885 2264 1086 2319 Oedipus
1140 2265 1283 2319 igitur,
1333 2280 1578 2308 secun-off.

209 2336 314 2377 dum
367 2335 577 2384 fabulam,
630 2341 771 2375 matre
823 2335 910 2375 iam
964 2342 1138 2376 mortua
1191 2335 1358 2377 Thebis
1410 2337 1485 2377 ad-

209 2406 294 2446 huc
350 2418 532 2459 regnare
587 2404 825 2458 pergebat3
891 2403 975 2446 hoc
1034 2410 1196 2454 autem,
1256 2411 1305 2446 ut
1366 2406 1486 2459 quod

208 2475 368 2516 rationi
406 2488 511 2515 suae
548 2473 664 2515 male
702 2479 1023 2515 conventurum
1061 2474 1224 2523 fuisset,
1264 2475 1326 2516 ita
1366 2489 1485 2516 com-

211 2544 400 2585 mutavit
447 2543 704 2597 Sophocle5‚
748 2550 797 2584 ut
844 2543 1056 2598 OedipuS,
1104 2545 1336 2598 repentino
1382 2559 1485 2586 casu

340 2687 351 2707 1
369 2688 506 2720 Aristot.
527 2689 611 2720 Poet.
632 2688 711 2727 xiv.,
731 2690 747 2727 ἓ
766 2695 796 2729 5,
815 2700 845 2730 p.
872 2696 1005 2730 1453133
1029 2689 1094 2720 vid.
1114 2694 1225 2731 supra,
1245 2701 1276 2732 p.
1299 2698 1348 2731 52.
