2013 3328
565 321 616 368 46
846 318 1124 352 SOPHOCLES
1151 318 1253 350 AND
1282 318 1578 352 SHAKSPERE.
1725 318 1770 350 II.
1793 319 1839 359 (4)

564 427 789 469 orchestra
825 438 1064 479 parumper
1100 424 1306 478 egresso,1
1336 439 1477 467 vacua
1514 425 1557 466 in
1595 439 1739 476 scena,
1775 425 1840 466 in—

565 501 813 538 strumenta
844 500 889 535 et
925 501 1190 548 apparatum
1227 495 1287 535 ita
1324 495 1524 545 mutavit,
1556 501 1607 537 ut
1635 495 1760 536 Aiax
1793 495 1836 535 in

565 579 743 607 scenam
781 578 1004 618 regressus
1036 578 1124 604 non
1157 565 1244 604 iam
1278 565 1320 604 in
1354 565 1507 606 castris
1539 566 1614 605 sed
1648 566 1690 605 in
1723 579 1835 605 mar-

566 636 667 690 gine
705 635 836 675 maris
878 639 1102 687 appareat.
1181 633 1363 674 Perraro
1405 640 1555 674 tamen
1598 634 1682 675 hoc
1718 635 1836 687 apud

565 705 771 757 antiquos
792 703 957 744 facturn
981 708 1059 751 est,
1081 716 1161 743 nec
1183 716 1370 756 usquam
1393 703 1496 743 alibi
1520 704 1638 756 apud
1663 702 1837 756 Sopho-

564 774 674 816 clem
699 788 707 824 ;
740 773 858 814 unde
890 786 977 812 non
1011 772 1196 812 minima
1224 772 1340 813 inter
1369 772 1664 826 Sophocleam
1694 778 1834 813 artem

564 844 777 897 tragicam
819 848 864 883 et
906 841 1283 895 Shaksperianam
1335 841 1556 883 distantia.
1639 841 1686 883 Si
1728 841 1835 894 quid

564 913 681 954 enim
704 912 823 966 apud
841 911 1046 964 antiquos
1066 910 1169 952 alibi
1188 916 1282 952 erat
1304 910 1540 964 agendum,
1557 924 1635 964 per
1656 911 1835 951 nuntios

562 983 823 1036 plerumque
863 980 948 1021 hoc
989 993 1121 1021 omne
1162 980 1484 1033 spectatoribus
1526 993 1704 1021 necesse
1740 985 1835 1020 erat

562 1051 763 1093 enarrari.
827 1049 963 1091 Cuius
995 1049 1054 1090 rei
1091 1063 1224 1089 causa
1256 1063 1370 1102 quae
1400 1049 1468 1098 sit,
1500 1062 1648 1089 nonne
1681 1055 1833 1102 aperte

562 1121 717 1175 patet?
779 1119 926 1161 Choro
947 1118 1030 1159 hoc
1053 1119 1185 1159 etiam
1213 1125 1279 1159 est
1301 1118 1646 1166 attribuendum,
1668 1118 1834 1172 quippe

562 1190 648 1243 qui,
670 1189 751 1230 nisi
774 1202 974 1242 egressus
1001 1194 1126 1237 esset,
1149 1193 1267 1228 certe
1296 1187 1548 1241 prohiberet
1579 1188 1683 1241 quin
1712 1187 1832 1229 locus

560 1273 672 1300 unus
703 1265 747 1300 et
779 1259 897 1299 idem
931 1258 1090 1298 mutari
1122 1256 1372 1298 videretur.2

559 1398 751 1437 ornationis,
770 1409 854 1440 quae
870 1408 945 1429 cum
969 1421 977 1428 .
1005 1421 1011 1428 .
1042 1421 1048 1429 .
1077 1396 1261 1428 fabularum
1277 1396 1476 1428 mutationes
1491 1399 1566 1428 sunt
1582 1395 1709 1427 futurae
1740 1419 1747 1426 .
1781 1419 1788 1428 .
1821 1419 1829 1428 .

559 1458 728 1487 versentur
757 1457 952 1494 mutentque
981 1452 1126 1494 speciem
1157 1443 1340 1483 ornationis
1366 1451 1400 1482 in
1430 1450 1597 1489 frontes;''
1634 1451 1696 1482 Iul.
1729 1451 1827 1489 Poll.,

563 1508 799 1547 Onomasticon,
820 1508 881 1539 IV.
900 1507 1004 1539 cxxvi.
1024 1519 1031 1538 :
1057 1508 1085 1537 εἰ
1103 1505 1129 1537 δ’
1147 1507 1371 1546 ἐπιστραφεῖεν
1389 1507 1421 1536 αἱ
1438 1507 1613 1546 περίακτοι,
1632 1506 1652 1544 ἡ
1668 1506 1753 1544 δεξιὰ
1773 1506 1830 1544 μὲν

559 1564 683 1604 ἀμείβει
698 1564 811 1595 τόπον·
826 1562 1001 1602 ἀμφότεραι
1018 1563 1051 1592 δὲ
1068 1562 1176 1602 χώραν
1191 1562 1443 1592 ὑπαλλάττουσι.
1476 1561 1526 1593 Cf.
1544 1561 1643 1592 etiarn
1662 1561 1827 1602 Schlegel,

557 1624 606 1659 op.
631 1619 698 1656 cit.,
728 1618 818 1649 Lect.
849 1617 908 1655 iv.,
937 1628 969 1658 p.
1002 1623 1061 1657 55;
1089 1616 1298 1653 Donaldson,
1323 1621 1371 1657 op.
1399 1616 1464 1653 cit„
1491 1615 1548 1647 lib.
1577 1616 1660 1654 ΙΙΙ.,
1687 1626 1760 1656 cap.
1790 1615 1827 1654 i.,

559 1684 614 1715 pp.
646 1681 720 1713 232,
751 1680 835 1712 239;
866 1672 908 1702 A.
939 1672 1073 1709 Mffller,
1103 1676 1151 1712 op.
1183 1671 1249 1709 cil„
1276 1681 1347 1712 cap.
1375 1670 1424 1709 ii.,
1450 1671 1530 1709 §11‚
1559 1681 1614 1711 pp.
1646 1678 1715 1708 122,
1747 1677 1829 1709 123;

557 1729 640 1768 §13‚
666 1738 722 1768 pp.
746 1733 804 1768 157
822 1737 893 1768 sqq.
912 1737 920 1763 ;
941 1726 1029 1767 Jebb
1045 1726 1078 1756 in
1094 1726 1183 1756 Dz'ct.
1204 1726 1336 1766 Antz'q„
1358 1725 1422 1756 vol.
1445 1725 1507 1762 IL,
1530 1735 1590 1756 s.v.
1620 1723 1830 1762 ‘theatrum‚'

557 1795 590 1824 p.
619 1782 680 1822 817
707 1791 741 1821 A,
771 1790 814 1820 B;
846 1781 941 1819 Gow,
972 1786 1019 1822 op.
1049 1781 1115 1819 cit„
1147 1791 1218 1822 cap.
1248 1780 1349 1818 xxxi.‚
1377 1790 1432 1821 pp.
1463 1779 1539 1818 281,
1569 1778 1642 1811 282.
1708 1779 1829 1811 Utrum

558 1837 724 1879 Sophocle
750 1837 816 1868 iam
837 1836 975 1867 florente
997 1837 1157 1876 περίακτοι
1181 1836 1262 1867 tales
1283 1835 1486 1873 exsisterent,
1511 1845 1577 1866 non
1599 1834 1701 1876 liquet
1714 1846 1723 1873 3
1756 1835 1825 1866 vid.

554 1892 654 1934 Jebb‚
679 1892 745 1929 l.c.‚
771 1895 803 1922 et
825 1891 866 1922 A.
889 1891 1023 1928 M'uller,
1042 1896 1089 1931 op.
1110 1891 1176 1928 cit„
1195 1901 1266 1931 cap.
1287 1889 1335 1928 ii.,
1359 1890 1376 1928 ἓ
1396 1897 1445 1929 13,
1470 1900 1501 1931 p.
1526 1889 1596 1927 161,
1616 1900 1755 1931 quorum
1774 1889 1828 1920 hic

554 1947 589 1978 in
614 1945 855 1978 Eumenidibus
878 1945 1078 1986 Aeschylum
1101 1950 1131 1976 et
1156 1945 1189 1976 in
1211 1944 1314 1975 Aiace
1338 1944 1539 1985 Sophoclem
1564 1945 1747 1984 περιάκτους
1770 1945 1827 1975 ad-

555 2001 712 2040 hibuisse,
734 2005 848 2032 contra
868 2000 924 2031 ille
948 2010 1015 2031 non
1039 2003 1116 2030 ante
1138 2003 1291 2040 quartum
1315 1999 1481 2030 saeculum
1505 2009 1534 2030 a.
1556 1998 1593 2030 C.
1622 2003 1827 2031 constructos

556 2067 626 2088 esse
645 2055 830 2087 arbitratur.
883 2054 960 2086 Sive
983 2059 1092 2086 autem
1117 2054 1150 2085 in
1174 2054 1271 2085 huius
1294 2053 1363 2085 sive
1387 2054 1420 2084 in
1444 2053 1531 2084 illius
1550 2053 1650 2084 verba
1668 2053 1823 2093 iuramus,

554 2121 672 2143 scenae
687 2111 904 2142 instrumenta
921 2115 952 2141 et
968 2114 1163 2151 apparatum
1180 2109 1213 2140 in
1230 2109 1345 2147 Aiace,
1363 2119 1419 2140 seu
1436 2109 1620 2149 περιάκτους
1635 2109 1826 2140 adhibendo

554 2177 610 2197 seu
633 2165 759 2197 ratione
783 2165 926 2206 quadam
950 2164 1014 2195 alia
1039 2164 1091 2203 (cf.
1109 2164 1206 2206 Jebb‚
1232 2164 1287 2202 ib„
1307 2174 1339 2205 p.
1362 2163 1424 2203 817
1446 2172 1476 2202 Β,
1497 2164 1538 2194 ad
1562 2163 1663 2202 init.),
1682 2168 1825 2196 mutasse

557 2220 770 2262 Sophoclem,
789 2220 1047 2260 haudquaquam
1063 2219 1250 2259 negandum
1267 2223 1326 2250 est.

597 2274 609 2293 ¹
626 2275 701 2306 Vid.
721 2280 834 2316 supra,
854 2285 884 2315 p.
905 2283 956 2313 41.

596 2328 609 2347 2
625 2328 819 2360 Conferatur
836 2327 1024 2369 Coleridge,
1042 2332 1089 2368 op.
1110 2327 1178 2365 cit„
1199 2327 1277 2358 Pars
1293 2327 1336 2365 1.‚
1357 2327 1449 2358 Lect.
1471 2326 1520 2365 ii.,
1547 2337 1578 2368 p.
1603 2332 1644 2367 54
1668 2326 1709 2357 ad
1729 2326 1824 2364 init.;

556 2385 634 2415 Pars
652 2384 714 2421 11„
733 2384 767 2422 §g
783 2383 816 2421 i.,
836 2393 867 2423 p.
892 2390 974 2422 193;
1000 2382 1059 2420 iv.,
1077 2392 1109 2423 p.
1131 2381 1202 2422 389.

597 2438 708 2470 Choro
730 2437 905 2478 Temporis
928 2442 960 2468 et
986 2436 1066 2468 Loci
1092 2436 1246 2468 Unitates
1269 2435 1391 2466 idcirco
1414 2434 1624 2466 ascribendas
1647 2445 1728 2473 esse,
1747 2434 1825 2476 quia

551 2497 641 2524 actor
658 2492 746 2524 idem
764 2497 794 2523 et
811 2496 976 2533 spectator
994 2502 1051 2533 per
1066 2496 1169 2522 totam
1186 2490 1391 2531 tragoediam
1407 2490 1441 2521 in
1462 2500 1528 2521 uno
1550 2489 1733 2530 eodemque
1749 2489 1822 2520 loco

551 2552 733 2589 permanet,
752 2557 861 2578 nonne
883 2557 922 2578 ex
944 2557 984 2578 eo
1005 2545 1214 2577 manifestum
1237 2550 1296 2583 est,
1314 2545 1403 2586 quod
1425 2544 1620 2585 Aeschylus,
1639 2543 1729 2575 cuius
1750 2554 1822 2574 mos

551 2603 607 2641 (ab
623 2603 679 2634 illa
696 2602 883 2643 Sophoclea
898 2601 1024 2633 ratione
1041 2601 1139 2642 longe
1152 2600 1310 2638 diversus,
1329 2599 1370 2632 cf.
1386 2599 1491 2641 infra,
1505 2610 1536 2640 p.
1554 2600 1606 2639 59)
1620 2603 1685 2630 tres
1695 2599 1822 2629 fabulas

549 2662 618 2690 erat
642 2667 841 2698 componere
868 2657 913 2687 ita
936 2656 1021 2687 inter
1044 2666 1078 2687 se
1101 2665 1242 2687 conexas
1272 2660 1304 2686 et
1335 2654 1549 2686 cohaerentes
1575 2658 1611 2685 ut
1639 2658 1703 2684 tres
1726 2653 1822 2684 unius
