2013 3328
598 304 644 341 18
853 300 1132 334 SOPHOCLES
1164 299 1265 332 AND
1297 300 1595 333 SHAKSPERE.
1746 299 1792 332 ΙΙ.
1813 299 1861 340 (2)

592 411 673 452 nisi
696 411 907 452 iniustum
930 410 1125 463 undique
1146 423 1193 450 se
1214 409 1562 463 circumspicere,
1583 423 1719 463 seque
1741 409 1860 463 ipsos

591 481 634 521 in
663 480 852 521 exitium
881 479 973 520 fato
1002 479 1198 532 quodam
1226 479 1517 532 praecipitari,
1544 479 1612 520 cui
1642 492 1775 519 nemo
1803 491 1859 519 ne

590 551 685 604 ipse
710 549 890 604 quidem
919 547 1148 602 Iuppiter1
1177 548 1377 588 resistere
1409 555 1588 601 posset;
1621 549 1704 589 Dis
1735 561 1861 602 prae-

589 626 708 660 terea
740 632 883 671 neque
920 618 1045 658 iustis
1077 630 1219 670 neque
1250 617 1378 657 bonis
1410 631 1553 670 neque
1585 617 1860 671 sapientibus

590 701 733 741 neque
773 687 971 728 honestis
1018 685 1227 726 mortales
1273 686 1386 727 adeo
1428 700 1522 727 esse
1567 686 1767 736 ludibrio,
1811 691 1859 726 ut

589 757 624 797 si
656 757 754 810 quis
784 756 962 797 fortuna
998 755 1212 796 frueretur
1252 756 1456 804 secunda,
1498 756 1542 796 in
1583 755 1708 796 illum
1751 756 1859 795 invi-

589 827 633 867 di
660 826 810 867 statim
838 826 923 866 Dei
952 825 1253 878 irrumperent.
1311 822 1568 881 ‘Oqu—ait
1600 825 1860 865 Artabanus

589 896 707 949 apud
737 895 1017 935 Herodotum
1032 892 1166 936 2-τὸι
1195 892 1463 949 ὑπερέχοντα
1491 892 1571 949 ζῷα
1596 893 1646 941 ὡς
1671 898 1864 949 κεραυνοῖ

589 964 612 1008 ὁ
645 963 748 1013 Θεός,
774 963 868 1008 οὐδὲ
899 961 945 1020 ἐᾷ
980 961 1282 1018 φαντάζεσθαι,
1306 961 1364 1007 τὰ
1395 961 1438 1006 δὲ
1464 963 1622 1018 σμικρὰ
1649 962 1764 1007 οὐδέν
1789 982 1860 1016 μιν

587 1033 703 1089 κνίζει
727 1056 735 1085 ;
776 1031 879 1089 ὁρᾷς
911 1031 954 1076 δὲ
984 1033 1033 1080 ὡς
1063 1032 1102 1079 ἐς
1133 1032 1341 1084 οἰκήματα
1372 1031 1429 1076 τὰ
1460 1032 1655 1088 μέγιστα
1686 1032 1761 1076 αἰεὶ
1792 1031 1858 1076 καὶ

587 1103 756 1158 δένδρεα
776 1101 834 1147 τὰ
855 1100 1039 1146 τοιαῦτα
1061 1101 1333 1152 ἀποσκήπτει
1356 1100 1413 1146 τὰ
1435 1101 1593 1157 βέλεα;
1615 1101 1747 1158 φιλέει
1768 1101 1858 1158 γὰρ

587 1172 610 1216 ὁ
644 1170 737 1219 Θεὸς·
766 1170 823 1216 τὰ
854 1170 1122 1227 ὑπερέχοντα
1160 1169 1305 1214 πάντα
1341 1170 1538 1214 κολούειν.
1600 1205 1608 1212 .
1674 1204 1681 1212 .
1743 1205 1751 1213 .
1813 1170 1861 1214 οὗ

587 1241 676 1298 γὰρ
708 1239 754 1297 ἐᾷ
788 1240 977 1297 φρονέειν
1006 1239 1123 1296 μέγα
1155 1240 1178 1283 ὁ
1216 1238 1310 1287 Θεὸς
1341 1238 1481 1284 ἄλλον
1511 1238 1535 1293 ἢ
1566 1239 1729 1284 ἑωυτόν.
1805 1241 1857 1281 In

587 1318 713 1352 tanta
754 1324 898 1351 rerum
940 1310 1140 1363 caligine,
1172 1310 1308 1350 tantis
1340 1310 1504 1363 ubique
1545 1310 1697 1350 offusis
1737 1315 1859 1351 tene-

586 1381 686 1429 bris,
716 1394 863 1421 nonne
890 1393 1045 1421 vocem
1075 1379 1211 1420 totius
1241 1379 1452 1421 Graeciae
1477 1379 1679 1420 videmur
1707 1379 1858 1420 audire

587 1463 687 1491 cum
719 1449 982 1502 Theognide
1014 1448 1274 1489 clamantis:

722 1527 886 1565 Πάντων
914 1526 982 1578 μὲν
1009 1526 1061 1577 μὴ
1093 1526 1208 1575 φῦναι
1239 1526 1521 1577 ἐπιχθονίοισιν
1551 1527 1710 1577 ἄριστον

774 1592 860 1643 μηδ’
885 1593 1023 1630 ἐσιδεῖν
1053 1590 1172 1643 αὐγὰς
1201 1591 1304 1643 ὀξέος
1333 1591 1476 1642 ἠελίου,

724 1658 847 1707 φύντα
876 1659 904 1695 δ’
935 1658 1032 1698 ὅπως
1061 1657 1206 1695 ὤκιστα
1234 1657 1360 1697 πύλας
1388 1657 1520 1696 Ἀίδαο
1547 1659 1711 1709 περῆσαι

778 1723 843 1761 καὶ
871 1722 1022 1760 κεῖσθαι
1052 1721 1211 1772 πολλὴν
1240 1723 1313 1774 γῆν
1343 1722 1662 1774 ἐπαμησάμενον.3

588 1802 842 1856 Aeschylus
882 1815 986 1843 vero
1027 1800 1168 1841 lucem
1221 1814 1245 1841 e
1285 1801 1479 1841 tenebris
1525 1802 1729 1855 princeps
1772 1802 1860 1843 dis-

589 1872 718 1926 pexit
738 1885 747 1922 ;
777 1871 951 1912 invidos
974 1884 1067 1911 esse
1094 1870 1216 1910 Deos
1238 1870 1522 1911 vehementer
1543 1877 1687 1924 negat,
1710 1871 1858 1921 immo,

589 1941 710 1982 velut
746 1941 840 1993 ipse
876 1940 1073 1980 Deorum
1106 1939 1414 1988 internuntius,
1445 1940 1623 1980 edocuit
1655 1953 1740 1980 non
1776 1941 1859 1980 nisi

590 2010 800 2052 scelestos
831 2009 1058 2062 suppliciis
1090 2009 1271 2049 cruciari
1289 2022 1296 2049 :
1311 2006 1324 2026 ‘¹

778 2087 963 2139 δράσαντι
992 2086 1066 2138 γάρ
1095 2103 1154 2125 τοι
1185 2086 1248 2124 καὶ
1276 2087 1412 2125 παθεῖν
1441 2087 1670 2137 ὀφείλεται.5

373 2179 492 2240 {mm
647 2167 898 2221 Tragoedia
933 2166 1117 2219 antiqua
1160 2165 1430 2207 Graecorum
1467 2166 1570 2207 licet
1606 2180 1631 2207 e
1667 2167 1858 2221 Dionysi

366 2247 536 2313 ijzggltzfojzo
589 2238 745 2279 ritibus
787 2241 947 2277 exorta
992 2235 1061 2284 sit,
1101 2248 1189 2276 non
1236 2241 1387 2276 tamen
1434 2236 1527 2276 sine
1573 2235 1670 2277 aliis
1716 2237 1858 2278 causis

372 2315 555 2347 bythestir-

372 2349 573 2414 ὖῖᾗζῖῗίξζῖῖ
633 2360 643 2379 ¹
661 2361 713 2393 Cf.
735 2360 897 2393 Simonid.
916 2360 982 2392 viii.
1003 2368 1045 2391 20
1061 2360 1212 2401 (Bergk),
1232 2359 1374 2399 Ἀνάγκᾳ
1393 2359 1418 2391 δ’
1437 2361 1507 2391 οὐδὲ
1524 2361 1589 2391 θεοὶ
1605 2361 1777 2400 μάχονται.

371 2425 424 2448 ι’·ἕ-
633 2414 646 2434 ²
663 2416 826 2447 Herodot.
847 2415 928 2446 VII.
948 2426 994 2452 x.,
1013 2415 1049 2453 ἐξ
1069 2422 1118 2454 13,
1142 2422 1190 2453 14.

633 2469 645 2488 ³³
661 2470 842 2511 Theognis,
860 2481 911 2501 vv.
932 2468 1086 2509 425-428.

632 2524 645 2543 ⁴¹
662 2525 781 2556 Aesch.
801 2525 863 2565 Ag.
886 2524 1038 2564 750-762.

632 2579 645 2597 ⁵
662 2579 782 2610 Aeseh.
803 2579 937 2619 Fragm.
963 2578 1027 2618 456
1050 2577 1138 2619 apud
1160 2577 1200 2608 A.
1223 2578 1352 2617 Nauck,
1377 2578 1475 2618 Trag.
1499 2578 1606 2609 Graec.
1627 2578 1777 2619 Fragm„
1802 2578 1854 2609 ed.

590 2643 621 2673 2,
644 2633 725 2674 1889
740 2634 776 2672 (=
786 2633 847 2672 267
864 2633 952 2675 apud
970 2632 1124 2671 Dindorf,
1139 2632 1223 2664 Poet.
1244 2632 1334 2663 Scen.
1359 2632 1484 2670 Graec„
1503 2633 1555 2664 ed.
1576 2639 1605 2672 7,
1629 2631 1734 2671 1881).
