2013 3328
351 473 357 478 ἱ
367 439 407 465 II.
422 438 462 472 (7)

311 473 477 505 Dfflrence

312 506 435 532 between
449 507 496 533 the

313 541 474 566 lWaterz'als

313 577 381 606 open
396 577 423 599 to

312 608 462 640 Sophocles

312 641 376 666 and
386 644 414 667 to

313 675 481 708 Slzakspere.

532 336 580 375 5²
790 322 1069 356 SOPHOCLES
1101 322 1203 353 AND
1236 322 1532 355 SHAKSPERE.
1688 322 1736 354 ΙΙ.
1753 322 1801 362 (7)

590 432 805 474 Plurimas
840 432 928 473 iam
970 445 1126 473 causas
1168 431 1443 485 protulimus,
1486 445 1562 473 cur
1602 431 1802 472 maxime

530 504 587 544 ab
629 509 723 544 arte
765 501 1001 556 Sophoclis
1044 500 1374 554 Shaksperiana
1414 501 1489 542 illa
1539 501 1802 552 abhorreat3

532 572 691 626 quibus
731 578 882 613 tamen
925 584 1104 611 necesse
1145 576 1213 611 est
1263 577 1310 611 ut
1361 576 1449 611 tres
1500 570 1644 612 adhuc
1695 570 1803 611 alias

531 641 760 690 addamus,
793 654 980 693 quarum
1018 640 1161 693 prima
1197 639 1240 679 in
1278 639 1373 692 ipsa
1410 641 1593 680 materia
1629 646 1802 693 tragoe-

532 711 704 751 diarum
746 710 935 763 ponitur.
998 708 1144 749 Poetis
1185 709 1302 749 enim
1339 709 1657 762 antiquissimis
1694 709 1803 749 nihil

532 780 614 820 nisi
645 779 833 833 Dionysi
858 779 995 820 vitam
1026 778 1148 819 licuit
1177 778 1220 818 in
1249 791 1380 819 scena
1409 778 1580 820 imitari.
1643 778 1803 819 Postea

531 848 777 890 Adrastum
824 848 959 888 heroa
1005 861 1170 900 angore
1216 861 1475 900 oppressum
1522 847 1803 897 inducebant,

531 925 574 960 et
607 917 821 971 Aeschyli
864 923 1067 970 tempore
1112 916 1298 957 heroum
1343 917 1543 957 omnium
1588 930 1715 958 casus
1756 917 1799 956 in

531 987 689 1029 fabulis
720 992 911 1028 tractare
936 986 1068 1027 licuit.
1133 985 1180 1027 Si
1213 986 1310 1039 quis
1342 992 1504 1036 autem,
1529 986 1598 1026 his
1629 986 1802 1034 relictis,

530 1057 585 1098 de
626 1057 755 1098 rebus
796 1056 904 1104 aliis,
947 1061 994 1096 ut
1035 1056 1091 1095 de
1135 1054 1293 1096 Mileto
1334 1061 1464 1108 capta
1516 1054 1801 1108 Phrynichus,

529 1126 805 1179 tragoediam
837 1124 1099 1177 composuit,
1130 1123 1326 1176 periculo
1359 1138 1405 1165 se
1435 1138 1568 1177 quam
1601 1124 1801 1165 maximo

530 1196 718 1247 obiecit3
770 1194 1005 1248 Phrynichi
1046 1199 1221 1234 tantum
1265 1193 1526 1234 Phoenissas
1562 1200 1606 1234 et
1648 1194 1801 1234 Persas

529 1264 743 1318 Aeschyli
774 1264 1062 1316 excipiamus,
1100 1263 1259 1316 quibus
1288 1263 1331 1303 in
1362 1263 1602 1316 tragoediis
1631 1263 1800 1316 magni-

528 1334 657 1376 ficam
695 1333 816 1374 illam
848 1334 904 1374 de
945 1333 1143 1374 barbaris
1184 1332 1413 1373 victoriam
1450 1332 1799 1373 Atheniensibus

529 1405 572 1444 in
614 1409 811 1444 mentem
862 1403 924 1443 ita
969 1408 1287 1443 revocaverunt
1329 1408 1489 1456 poetae
1530 1408 1579 1443 ut
1624 1415 1800 1442 summa

526 1473 667 1527 gloria
708 1479 752 1514 et
797 1473 929 1512 laude
970 1471 1310 1512 cumularentur.
1389 1471 1605 1524 Exceptis
1646 1477 1797 1512 tamen

526 1542 594 1583 his
635 1541 774 1582 tribus
814 1541 1065 1594 tragoediis,
1106 1540 1278 1580 fabulas
1319 1541 1375 1581 ab
1416 1540 1601 1582 heroicis
1642 1541 1798 1581 ductas

527 1611 757 1660 aetatibus,
780 1624 894 1664 quae
916 1611 1104 1651 formam
1138 1616 1182 1650 et
1213 1609 1401 1662 figuram
1433 1610 1560 1663 quasi
1589 1611 1797 1651 immuta-

526 1681 660 1721 bilem
702 1687 902 1733 tempore
943 1693 993 1720 ac
1034 1679 1180 1732 spatio
1223 1679 1384 1719 sensim
1420 1679 1502 1720 sibi
1550 1679 1798 1728 induerant,

526 1750 748 1803 negligere
770 1755 929 1802 poetae
951 1762 1038 1788 non
1062 1748 1296 1789 audebant.
1359 1749 1454 1789 Nec
1481 1749 1635 1789 iniuria
1661 1749 1796 1802 scrip-

527 1821 583 1860 sit
609 1819 886 1866 AristoteleS,
910 1816 1013 1864 Τοὺς
1045 1816 1119 1869 μὲν
1152 1817 1221 1860 οὖν
1251 1816 1616 1872 ’παρειλημμένους
1645 1816 1797 1869 μύθους

526 1887 640 1931 λύειν
672 1887 742 1930 οὐκ
774 1886 902 1936 ἔστιν,
933 1886 1051 1941 λέγω
1082 1884 1126 1929 δὲ
1157 1887 1246 1929 οἷον
1282 1885 1359 1937 τὴν
1400 1886 1796 1941 Κλυταιμνήστραν

526 1957 827 2001 ἀποθανοῦσαν
878 1954 961 1999 ὑπὸ
1011 1958 1090 1999 τοῦ
1140 1953 1353 2010 Ὀρέστου
1397 1989 1404 1996 .
1451 1988 1458 1996 .
1505 1989 1530 2003 .,
1574 1953 1701 1999 αὐτὸν
1752 1954 1795 1999 δὲ

525 2025 728 2080 εὑρίσκειν
748 2027 817 2075 δεῖ,
839 2023 903 2068 καὶ
926 2029 1015 2071 τοῖς
1037 2023 1392 2079 παραδεδομένοις
1417 2024 1604 2079 χρῆσθαι
1630 2024 1794 2072 καλῶς.1

527 2096 779 2137 Inventioni
802 2108 919 2147 ergo,
941 2094 1036 2143 arti,
1054 2094 1335 2146 dispositioni
1359 2094 1504 2133 locum
1528 2094 1792 2134 nonnullum

525 2165 658 2206 fuisse
690 2164 798 2205 satis
822 2169 1026 2214 constat3
1058 2164 1135 2203 sed
1165 2163 1337 2204 exitum
1367 2163 1512 2216 ipsum
1543 2163 1793 2203 fabularum

525 2240 801 2276 commutare
824 2233 1004 2274 Graecis
1026 2232 1171 2285 poetis
1194 2245 1419 2285 nunquam
1443 2232 1627 2281 licuisse,
1646 2246 1794 2274 nonne

525 2304 715 2345 dilucide
745 2303 813 2343 his
843 2302 986 2343 verbis
1015 2301 1282 2342 Aristoteles
1313 2301 1608 2354 significavit?

523 2443 601 2481 bell,
621 2441 809 2483 Sophocles:
832 2440 932 2480 Plays
954 2440 1026 2470 and
1045 2440 1249 2480 Fmgmems,
1276 2439 1339 2470 vol.
1363 2439 1388 2470 Ι.
1410 2438 1533 2478 (1871),
1559 2449 1591 2480 p.
1617 2447 1696 2478 240:
1725 2440 1748 2454 “
1763 2439 1793 2470 It

524 2501 608 2528 must
625 2497 666 2528 be
681 2495 821 2527 allowed
838 2495 908 2526 that
928 2495 961 2525 in
983 2494 1039 2525 the
1058 2494 1250 2525 altercation
1267 2494 1418 2525 between
1435 2493 1542 2525 Creon
1562 2493 1627 2524 and
1645 2493 1795 2534 Oedipus

522 2552 579 2583 the
602 2552 742 2583 sorensic
761 2551 787 2582 is
811 2549 987 2592 permitted
1010 2553 1044 2580 to
1061 2549 1222 2580 encroach
1240 2559 1284 2579 on
1300 2549 1356 2579 the
1377 2548 1537 2579 dramatic
1552 2548 1686 2579 interest
1702 2559 1794 2580 more

522 2607 602 2638 than
618 2606 651 2637 in
668 2616 732 2646 any
747 2610 820 2647 part
836 2605 872 2636 of
886 2604 1068 2645 Sophocles
1083 2608 1199 2645 except
1215 2603 1270 2635 the
1286 2602 1478 2635 conclusion
1494 2602 1532 2634 of
1542 2602 1597 2634 the
1614 2602 1735 2644 Ajax.’'

567 2660 576 2679 ¹
597 2661 733 2691 Aristot.
755 2661 838 2691 Poet.
863 2659 942 2697 xiw,
960 2659 977 2696 ξ
996 2665 1024 2699 5,
1044 2669 1074 2699 p.
1100 2664 1178 2698 1453
1191 2665 1221 2688 Β.
