1931 3328
216 345 281 376 III.
303 345 350 383 (6)
581 345 732 377 STYLE
766 345 869 376 AND
904 345 1121 377 DICTION.
1445 357 1487 393 71

272 454 391 508 Quid
435 454 596 507 plura?
658 454 893 495 Artificem
932 454 1146 508 Sophocli
1185 454 1372 494 sortasse
1405 454 1493 493 dis-

211 524 403 565 similem
445 524 523 565 sed
561 538 649 565 non
688 524 852 565 idcirco
889 524 1154 571 inferiorem,
1192 523 1330 563 immo
1373 522 1493 563 haud

211 594 302 635 scio
334 608 390 635 an
423 593 506 635 hac
538 594 697 635 saltem
731 595 773 635 in
807 608 852 635 re
888 593 1158 648 superiorem
1194 592 1493 646 Shaksperius

213 669 364 705 noster
394 678 441 705 se
472 664 691 719 praebuit.

271 789 445 843 Quibus
478 791 534 831 de
564 805 609 831 re
638 791 820 831 metrica
843 790 949 831 satis
976 790 1064 830 iam
1088 789 1320 842 expositiS‚
1341 788 1491 829 stilum

1560 795 1617 821 III.
1633 795 1672 826 (6)

1512 829 1596 859 Style
1607 830 1670 854 (md

211 860 440 913 utriusque
481 866 659 914 oportet
700 861 743 900 in
786 859 1161 913 disceptationem
1202 858 1360 899 vocari.
1440 858 1491 898 In
1516 863 1682 895 Dictt'onof

210 928 293 970 hac
320 936 470 970 autem
498 930 814 984 disputationis
844 935 982 983 parte,
1004 935 1209 983 tempora
1234 927 1309 969 illa
1332 927 1492 981 quibus

210 999 422 1040 vixerunt
455 999 702 1053 Sophocles
732 1006 776 1040 et
810 999 1110 1053 Shaksperius
1139 1011 1319 1039 necesse
1348 1003 1416 1039 est
1445 1002 1494 1038 ut

211 1068 255 1109 in
298 1075 496 1110 mentem
549 1083 820 1110 revocemus.
902 1070 1065 1110 Nonne
1113 1069 1276 1110 videtis
1317 1081 1406 1121 quo
1449 1068 1492 1108 in

212 1144 335 1179 motu
369 1144 634 1193 temporum,
667 1145 836 1192 quanta
868 1139 911 1179 in
944 1139 1232 1179 conversione
1264 1151 1410 1179 rerum
1442 1151 1493 1178 ac

211 1208 548 1261 perturbatione
584 1215 628 1250 et
667 1208 823 1250 Graeci
861 1215 905 1249 et
944 1209 1144 1249 Britanni
1178 1208 1340 1249 versati
1373 1207 1492 1248 sint?

210 1277 350 1331 Apud
379 1285 592 1332 utrosque
621 1292 709 1319 non
740 1279 833 1319 sine
862 1278 1095 1320 discordiis
1121 1277 1322 1319 civilibus
1351 1277 1494 1331 magis

212 1348 444 1402 magisque
478 1348 604 1402 plebs
642 1349 902 1396 eminuerat,
934 1354 979 1389 et
1015 1354 1255 1402 postremo,
1289 1347 1334 1388 id
1373 1347 1493 1401 quod

212 1418 399 1458 maximi
423 1424 517 1459 erat
548 1418 776 1467 momenti,
800 1418 1018 1458 immensa
1043 1418 1087 1458 vi
1120 1417 1317 1458 hostium
1345 1416 1493 1471 profli-

210 1493 318 1541 gata
358 1488 611 1529 libertatem
654 1488 830 1541 utrique
881 1487 1282 1529 conservaverant.1
1356 1487 1492 1529 Unde

210 1557 402 1611 plurima
448 1558 536 1598 iam
585 1558 773 1611 experti,
819 1558 875 1598 ad
924 1558 1204 1611 cognitionis,
1252 1558 1493 1607 doctrinae,

210 1628 494 1680 cogitationis
532 1628 729 1668 studium
767 1627 1057 1668 vehementer
1093 1641 1250 1668 omnes
1291 1628 1493 1678 incitari;

211 1697 429 1751 imagines
470 1697 740 1750 multiplices
782 1703 825 1738 et
867 1697 1094 1738 inauditae
1136 1698 1180 1738 in
1222 1698 1396 1738 animos
1438 1698 1492 1737 ir-

210 1781 426 1820 rumpere,
449 1781 559 1821 quas
581 1768 637 1808 ad
665 1767 985 1821 exprimendas
1006 1767 1155 1808 variae
1177 1767 1492 1809 similitudines

209 1843 254 1877 et
289 1850 455 1890 genera
488 1837 665 1878 dicendi
700 1851 817 1878 nova
855 1851 942 1877 non
982 1843 1191 1890 poterant
1228 1838 1334 1891 quin
1371 1851 1491 1878 com-

208 1912 490 1960 ponerentur.
554 1907 791 1961 Sophoclis
820 1907 955 1961 igitur
981 1914 1025 1948 et
1056 1907 1316 1961 Shaksperii
1339 1908 1490 1949 stilum

208 1977 595 2018 considerantibus
669 1991 817 2018 nonne
881 1983 1067 2031 uterque
1127 1977 1257 2019 nobis
1318 1978 1494 2019 videtur

208 2060 384 2088 summo
407 2047 555 2088 studio
585 2047 869 2088 contendisse
892 2054 940 2088 ut
963 2048 1180 2101 imagines
1210 2061 1358 2098 novas,
1382 2062 1493 2103 quas

208 2117 354 2157 verbis
383 2116 538 2157 efferre
561 2117 639 2157 vix
669 2131 800 2170 posse
829 2131 875 2158 se
904 2118 1099 2167 sentiret,
1123 2132 1197 2158 eas
1226 2124 1378 2159 tamen
1401 2119 1493 2159 sive

207 2187 442 2228 verborum
476 2187 672 2235 artificio,
706 2187 799 2228 sive
832 2187 1090 2237 subtilitate,
1123 2188 1216 2229 sive
1250 2189 1491 2241 asperitate

210 2256 417 2309 quadam,
454 2257 546 2297 sive
584 2270 728 2297 rerum
771 2257 964 2310 denique
1003 2257 1114 2298 mira
1151 2258 1492 2311 compressione,

207 2401 401 2432 memoriam
426 2401 526 2433 verba
556 2401 614 2433 illa
644 2402 887 2443 elegantissima
917 2403 1077 2444 redigere,
1110 2414 1194 2445 quae
1222 2404 1263 2435 de
1294 2405 1493 2437 carminibus

209 2456 400 2498 Shaksperii
417 2468 483 2488 non
500 2457 616 2488 iniuria
632 2457 760 2499 scripsit
777 2458 943 2499 Schlegel,
968 2464 1015 2500 op.
1035 2459 1104 2496 cz't‘.⁷
1125 2459 1217 2490 Lect.
1238 2459 1342 2498 xxiii„
1362 2472 1393 2502 p.
1415 2461 1489 2501 378,

210 2512 318 2542 “The
339 2522 438 2553 songs
461 2512 679 2554 interspersed
704 2513 823 2551 (those,
850 2513 864 2543 I
890 2524 999 2551 mean,
1022 2513 1059 2544 of
1079 2514 1134 2545 the
1162 2519 1239 2555 poet
1261 2514 1410 2554 himself)
1438 2527 1492 2547 are

206 2567 375 2608 generally
397 2568 532 2608 sweetly
559 2568 683 2608 playful
710 2568 775 2599 and
803 2569 986 2609 altogether
1014 2568 1175 2606 musical;
1203 2569 1236 2600 in
1263 2569 1490 2612 imagination,

208 2622 305 2653 while
330 2633 379 2653 we
402 2622 526 2663 merely
550 2622 626 2653 read
651 2623 753 2661 them,
780 2634 828 2654 we
852 2623 931 2654 hear
956 2623 1039 2654 their
1063 2623 1231 2665 melody.''

252 2691 263 2710 ¹
281 2692 356 2724 Vid.
377 2699 489 2734 supra,
511 2704 564 2735 pp.
593 2702 637 2733 19,
660 2702 711 2735 30.

1512 897 1663 928 Sophocles

1512 940 1529 955 a
1533 931 1576 956 nd

1511 965 1682 997 Shakspere.
