2013 3328
501 314 551 363 58
759 311 1038 344 SOPHOCLES
1072 311 1174 342 AND
1206 311 1502 344 SHAKSPERE.
1658 310 1705 342 ΙΙ.
1722 310 1770 349 (9)

559 420 787 462 Nonnulla
826 434 932 462 sane
972 420 1093 474 apud
1139 419 1359 474 antiquos,
1399 433 1479 460 nec
1521 433 1609 460 non
1651 418 1770 472 apud

501 491 645 545 ipsum
694 490 976 544 Sophoclem,
1027 489 1236 542 ‘vestigia
1286 487 1447 530 ruris'1
1495 488 1772 537 invenimu53

502 559 699 613 exempli
731 573 864 600 causa
895 559 998 599 licet
1025 559 1068 599 in
1099 564 1294 599 mentem
1322 571 1525 599 revocare
1554 557 1770 597 nutricem
1799 609 1802 612 ἡ

502 630 545 670 in
588 628 802 682 Aeschyli
853 627 1128 682 Choephoris
1177 626 1394 676 Cilissam‚
1435 627 1480 667 in
1537 625 1773 679 Sophoclis

501 698 731 751 Antigone
752 698 994 746 custodem,
1017 697 1219 737 nuntium
1247 696 1439 751 denique
1465 696 1509 736 in
1536 695 1772 748 Oedipode

501 768 736 821 Tyrann03
759 768 835 808 sed
865 767 974 808 haec
995 771 1003 786 ‘
1018 766 1127 807 ruris
1148 764 1357 819 vestigia'
1383 767 1514 819 (quae
1539 764 1772 816 vocantur)

502 850 635 890 quam
670 836 803 890 longe
834 836 890 877 ab
922 842 1016 877 arte
1047 835 1121 876 illa
1155 834 1486 888 Shaksperiana
1515 833 1712 875 distant!

562 905 829 947 Summatim
872 905 1015 959 igitur,
1053 919 1108 945 ne
1149 905 1316 945 diutius
1357 904 1400 944 in
1442 904 1525 945 hac
1567 918 1612 944 re
1653 916 1772 944 com-

502 989 735 1024 moremur,
772 974 880 1015 nihil
917 975 961 1015 in
999 974 1239 1027 tragoediis
1275 973 1551 1026 Aeschyleis,
1584 972 1692 1013 nihil
1729 973 1772 1012 in

503 1044 777 1099 Sophocleis,
828 1050 1013 1097 apparet
1065 1044 1234 1092 comici,
1292 1043 1399 1084 nihil
1458 1042 1605 1092 iocosi,
1664 1041 1773 1082 nihil

502 1114 686 1163 ridiculi,
707 1114 825 1167 quod
849 1127 948 1154 cum
978 1113 1250 1167 Shaksperio
1282 1119 1434 1153 nostro
1464 1110 1775 1165 comparetur.2

504 1185 650 1225 Immo
681 1183 961 1236 Tragoediae
998 1182 1171 1223 illorum
1209 1182 1370 1222 rationi
1407 1181 1636 1235 aptissime
1672 1193 1774 1221 con-

499 1253 618 1307 gruit
648 1252 861 1306 prologus
893 1253 966 1293 ille
990 1252 1371 1305 Shaksperianus:

607 1343 628 1361 “
645 1345 659 1378 Ι
680 1354 786 1378 come
804 1354 853 1378 no
870 1353 974 1378 more
991 1349 1029 1378 to
1048 1342 1158 1378 make
1175 1354 1248 1387 you
1266 1342 1378 1387 laugh
1397 1355 1404 1377 ε
1430 1341 1556 1386 things
1574 1353 1668 1383 now,

643 1402 743 1437 That
759 1402 849 1437 bear
866 1413 888 1435 a
906 1400 1065 1446 weighty
1083 1401 1158 1436 and
1177 1412 1198 1435 a
1217 1400 1358 1435 serious
1377 1400 1489 1443 brow,

645 1460 732 1504 Sad,
751 1459 852 1505 high,
871 1459 945 1494 and
963 1458 1141 1504 working,
1158 1459 1223 1493 full
1242 1458 1283 1493 of
1297 1465 1392 1494 state
1409 1458 1485 1493 and
1503 1470 1592 1501 woe,

645 1519 746 1554 Such
764 1519 876 1553 noble
895 1529 1026 1553 scenes
1045 1530 1086 1552 as
1104 1518 1205 1552 draw
1223 1517 1287 1553 the
1304 1528 1372 1562 eye
1390 1523 1427 1552 to
1445 1517 1539 1560 flow,

642 1578 715 1612 We
732 1588 814 1611 now
832 1576 1013 1622 present.’'
1025 1576 1039 1597 3

502 1689 567 1720 and
593 1687 771 1720 Fletcher’s
799 1688 960 1730 tragedies
988 1688 1042 1719 the
1067 1687 1171 1718 comic
1195 1698 1307 1719 scenes
1329 1698 1384 1719 are
1408 1687 1512 1727 rarely
1535 1697 1571 1718 so
1598 1686 1774 1717 interfused

503 1743 623 1774 amidst
645 1744 699 1774 the
724 1743 825 1784 tragic
845 1754 881 1774 as
903 1748 936 1774 to
959 1743 1101 1784 produce
1123 1754 1141 1773 a
1161 1743 1252 1783 unity
1269 1743 1306 1774 of
1324 1743 1378 1774 the
1401 1741 1503 1783 tragic
1519 1753 1562 1773 on
1582 1742 1637 1772 the
1654 1742 1773 1779 whole,

505 1799 642 1829 without
666 1797 773 1829 which
799 1798 853 1828 the
880 1797 1105 1828 intermixture
1129 1797 1155 1828 is
1178 1809 1197 1828 a
1222 1798 1312 1828 fault.
1363 1798 1402 1828 In
1431 1797 1637 1838 Shakspeare
1662 1796 1725 1827 this
1749 1796 1776 1827 is

502 1854 624 1893 always
647 1852 808 1893 managed
833 1852 912 1883 with
937 1852 1167 1883 transcendent
1192 1852 1278 1883 skill.
1328 1852 1400 1882 The
1425 1852 1507 1882 Fool
1532 1851 1565 1882 in
1590 1851 1674 1882 Lear
1698 1862 1773 1882 con-

505 1907 640 1939 tributes
656 1907 689 1938 in
705 1918 724 1938 a
740 1918 817 1948 very
833 1906 973 1938 sensible
990 1917 1126 1938 manner
1143 1911 1175 1937 to
1193 1906 1247 1938 the
1265 1906 1366 1947 tragic
1379 1905 1531 1937 wildness
1547 1906 1584 1937 of
1597 1906 1651 1937 the
1668 1907 1774 1937 whole

506 1961 655 1994 drama.’'

547 2016 558 2035 ¹
578 2018 661 2048 Hor.
678 2017 782 2058 Epist.
798 2016 843 2047 II.
858 2015 878 2047 i.
899 2015 977 2053 1603
994 2014 1180 2056 Campbell,
1198 2015 1298 2045 Gm‘dc
1312 2019 1343 2045 lo
1357 2014 1453 2046 Greek
1470 2015 1625 2054 Tragedy,
1639 2024 1709 2055 cap.
1725 2014 1774 2052 ii.,

506 2083 536 2113 p.
559 2079 609 2111 32.

546 2124 559 2143 ²
572 2126 683 2157 Unum
700 2135 718 2155 e
731 2123 878 2165 Tragicis
894 2122 1027 2155 Graecis
1042 2122 1104 2154 hac
1119 2122 1252 2164 quidem
1270 2121 1302 2152 in
1319 2132 1351 2153 re
1370 2121 1560 2163 Euripidem
1578 2122 1778 2164 Shaksperio

504 2181 649 2212 conferre
676 2189 858 2221 possumus,
884 2178 1007 2220 quippe
1031 2177 1088 2219 qui
1115 2177 1148 2208 in
1175 2177 1320 2215 Alceste,
1352 2188 1451 2218 quam
1481 2176 1677 2218 ‘satyricae'
1705 2178 1778 2208 loco

504 2236 634 2267 fabulae
647 2235 732 2266 ultro
745 2233 929 2275 composuit
943 2232 1021 2272 (vid.
1038 2232 1251 2264 didascaliam
1274 2232 1396 2263 codicis
1413 2231 1564 2262 Vaticani
1586 2240 1650 2271 909
1666 2243 1674 2269 ;
1699 2243 1775 2263 con-

504 2291 649 2321 ferantur
665 2289 763 2320 etiam
782 2288 929 2319 Dindorf
944 2287 976 2318 in
994 2286 1195 2328 praefatione
1216 2286 1257 2318 ad
1282 2286 1459 2318 editionem
1482 2286 1634 2325 Alcestis,
1655 2286 1777 2318 Oxonii

506 2345 657 2376 emissam
681 2355 710 2375 a.
742 2342 834 2383 1834,
862 2343 905 2374 K.
933 2343 974 2374 O.
1005 2342 1138 2379 Mulier,
1163 2347 1210 2382 op.
1239 2342 1304 2378 cil„
1331 2352 1401 2382 cap.
1430 2352 1519 2379 xxv.,
1546 2340 1614 2379 58,
1642 2351 1672 2382 p.
1700 2340 1774 2381 483,

507 2399 711 2435 Donaldson,
732 2403 778 2439 op.
799 2398 866 2435 cit„
886 2396 942 2427 lib.
964 2397 1006 2434 Ι.,
1025 2407 1096 2438 cap.
1116 2407 1163 2434 v.,
1183 2407 1214 2437 p.
1238 2402 1290 2436 75,
1311 2395 1469 2436 Mahaffy,
1487 2401 1535 2436 op.
1554 2396 1623 2433 cit.‚
1647 2396 1711 2426 vol.
1733 2396 1775 2433 Ι.,

507 2465 576 2495 cap.
599 2453 678 2490 xiv.,
696 2453 714 2491 ξ
734 2452 805 2489 162,
825 2462 879 2493 pp.
898 2459 971 2491 232,
987 2452 1076 2491 233),
1091 2461 1165 2482 cum
1180 2450 1270 2481 seriis
1286 2450 1372 2481 vitae
1389 2450 1483 2481 rebus
1499 2449 1638 2481 iocosius
1653 2449 1779 2491 aliquid

507 2515 538 2540 et
555 2508 729 2544 comicum,
743 2511 812 2537 arte
827 2506 970 2547 quadam
989 2506 1037 2544 (ut
1053 2505 1098 2536 ita
1110 2505 1232 2543 dicam)
1250 2504 1505 2546 Shaksperiana,
1523 2504 1774 2536 commiscuerit.

547 2562 559 2581 3
577 2563 774 2603 Shakspere‚
794 2561 891 2601 King
905 2561 1021 2600 chry
1041 2560 1154 2597 VJJL,
1175 2560 1260 2591 Prol.
1286 2566 1348 2600 1-5.
1384 2559 1434 2591 Cf.
1453 2559 1640 2600 Campbell,
1659 2560 1776 2600 Sopho-

504 2617 561 2649 cles
578 2615 723 2656 (Greeu’s
743 2615 900 2647 Classical
920 2615 1079 2653 lVrz'tm‘s),
1099 2625 1170 2655 cap.
1190 2614 1239 2651 ii.,
1259 2625 1289 2655 p.
1314 2623 1362 2653 14.
