2013 3328
563 310 636 346 108
820 308 1101 341 SOPHOCLES
1134 308 1236 339 AND
1268 307 1562 341 SHAKSPERE.
1766 309 1824 340 IV.

616 417 763 458 Nemo
779 423 929 458 autem
947 417 1109 458 idcirco
1130 423 1335 470 gravetur
1351 418 1470 470 quod
1493 418 1606 458 inter
1622 418 1828 471 antiquos

558 492 625 526 est
649 486 892 540 Sophocles
914 492 958 528 et
979 501 1006 528 a
1022 487 1183 527 nostris
1204 487 1479 540 temporibus
1496 488 1829 540 quodammodo

557 555 738 596 alienus.
791 556 1038 596 Hominum
1062 557 1179 596 enim
1202 562 1359 597 natura
1379 556 1509 609 vique
1530 557 1651 597 omni
1673 556 1828 596 huma-

558 624 710 665 nitatis
751 625 929 678 penitus
970 625 1226 679 perspectis,
1268 625 1384 665 idem
1427 626 1616 666 universi
1656 626 1828 678 generis

556 693 741 734 humani
778 694 979 735 sensibus
1016 694 1130 735 adeo
1167 693 1365 735 imbutus
1402 700 1479 745 est,
1514 701 1562 735 ut
1599 708 1742 744 nemo,
1774 708 1828 734 ne

557 764 678 804 rudis
715 764 909 817 quidem,
947 763 990 803 in
1026 763 1306 816 antiquitatis
1343 763 1472 804 rebus
1505 764 1596 804 vita
1632 763 1829 804 moribus

557 845 713 884 parum
735 839 946 882 versatus,
968 845 1056 873 non
1083 845 1257 873 summa
1282 833 1577 874 admiratione
1604 833 1827 874 afficiatur.

558 901 677 954 Quid
720 901 782 942 ait
825 901 1027 943 Seneca?
1100 902 1359 942 “Homines
1395 902 1575 955 quidem
1618 908 1827 955 pereunt3

557 970 653 1023 ipsa
693 970 958 1020 humanitas,
1001 971 1056 1011 ad
1098 984 1231 1024 quam
1278 971 1413 1012 homo
1455 971 1689 1024 effingitur,
1731 985 1827 1024 per-

557 1038 764 1080 manet.''l
824 1041 955 1080 Hanc
981 1041 1123 1093 ipsam
1153 1054 1258 1093 ergo
1287 1046 1503 1089 naturam,
1525 1054 1639 1094 quae
1667 1041 1828 1081 mutari

556 1122 644 1149 non
667 1115 826 1163 potest,
849 1123 937 1149 non
968 1109 1112 1149 minus
1135 1122 1269 1162 quam
1300 1109 1596 1163 Shaksperius
1624 1116 1827 1150 accurate

337 1196 485 1228 Sophocles
556 1178 753 1219 imitatus
776 1184 842 1219 est
866 1178 1120 1232 Sophocles.
1185 1178 1319 1219 Unde
1340 1181 1558 1232 “poetam
1589 1193 1677 1219 non
1700 1180 1828 1219 unius

337 1230 509 1296 §Zimara
555 1247 717 1288 saeculi
768 1248 845 1288 sed
897 1248 1110 1301 temporis
1165 1246 1488 1301 sempiterni''2
1543 1262 1632 1288 non
1684 1249 1827 1289 minus

336 1298 525 1363 sfssfffjisst
554 1316 672 1357 hunc
703 1330 837 1370 quam
868 1317 990 1358 illum
1025 1317 1127 1357 licet
1154 1330 1321 1358 vocare.
1385 1318 1503 1371 Quid
1535 1331 1639 1371 ergo
1670 1317 1826 1371 plura?

336 1365 506 1425 Ζῗῖξίὲἴάἰί
557 1385 802 1439 Sophocles
848 1393 893 1427 et
936 1385 1242 1439 Shaksperius,
1279 1392 1439 1439 poetae
1480 1386 1588 1427 nulli
1625 1387 1829 1440 impares,

555 1455 678 1495 nullo
740 1469 828 1496 non
901 1455 1255 1508 praestantiores,
1313 1455 1357 1495 in
1429 1469 1581 1496 eorum
1644 1469 1827 1497 numero

551 1523 745 1565 habendi
815 1530 929 1573 sunt,
990 1525 1064 1578 qui
1134 1524 1331 1565 humano
1396 1525 1545 1578 generi
1617 1526 1823 1566 universo

553 1593 874 1634 studiosissime
909 1607 961 1634 ac
997 1593 1336 1647 diligentissime
1372 1607 1546 1647 semper
1582 1600 1626 1635 et
1662 1594 1826 1649 ubique

554 1662 803 1712 consulunt,

707 1753 726 1770 “
742 1754 791 1788 Et
816 1752 920 1799 quasi
948 1764 1116 1788 cursores
1142 1753 1230 1788 vitai
1257 1754 1435 1799 lampada
1460 1753 1667 1789 tradunt.⁷'3

597 1883 607 1903 ¹
625 1885 762 1923 Seneca,
781 1886 887 1927 Epist.
908 1886 972 1917 lxv.

595 1937 607 1957 ²
624 1940 675 1970 Ita
690 1939 731 1970 de
748 1939 948 1981 Shaksperio
963 1940 1008 1971 ait
1026 1941 1094 1971 Ben
1109 1941 1245 1981 Jonson,
1272 1941 1316 1971 To
1330 1941 1383 1971 tlce
1397 1941 1548 1981 lllemory
1569 1942 1609 1982 of
1617 1952 1672 1982 my
1687 1942 1820 1980 beloued,

550 1994 603 2025 tlze
624 1995 767 2032 Autlzor,
794 1995 863 2025 Mr.
897 1995 1042 2026 lVilliam
1068 1995 1297 2035 Slzakespeare:
1321 1995 1393 2026 and
1413 1996 1503 2026 wlzat
1525 1996 1563 2027 lle
1586 1996 1667 2027 laath
1692 1996 1748 2037 left
1772 2008 1821 2035 us,

553 2060 583 2080 v.
604 2056 644 2088 43
661 2061 667 2079 :

793 2105 815 2118 “
833 2104 887 2134 He
904 2114 970 2134 was
986 2108 1043 2134 not
1059 2103 1096 2134 of
1107 2114 1149 2134 an
1165 2114 1237 2143 age,
1257 2104 1315 2135 but
1331 2103 1379 2135 for
1395 2105 1439 2134 all
1457 2104 1570 2135 time.''

596 2157 609 2176 3
627 2158 722 2189 Lucr.
743 2159 796 2188 De
811 2159 933 2188 Rerum
951 2159 1099 2195 Natura,
1121 2159 1165 2189 ΙΙ.
1189 2165 1238 2197 79.
