2013 3328
296 1322 344 1347 El.

297 2158 404 2190 Tragic

293 2192 382 2224 Irony
394 2191 429 2221 af

292 2227 316 2251 S
317 2226 464 2258 halespere.

513 294 564 330 80
774 291 1053 325 SOPHOCLES
1085 291 1189 322 AND
1220 290 1517 323 SHAKSPERE.
1650 290 1716 322 111.
1737 289 1785 329 (8)

511 406 772 450 servaverat,
795 414 942 441 nonne
964 400 1000 441 is
1022 400 1180 440 iterum
1202 413 1378 440 servare
1400 399 1594 453 poterit?
1658 399 1785 440 Idem

513 477 664 511 tamen
706 472 812 511 dum
855 470 1022 511 civitati
1064 483 1111 510 se
1152 469 1475 509 studiosissime
1511 482 1562 509 ac
1598 468 1786 522 diligen-

512 540 682 580 tissime
704 554 878 593 semper
902 539 1129 579 consulere
1159 538 1417 591 profitetur,1
1441 552 1574 591 quam
1606 538 1786 578 minime

512 610 759 662 suspicatur
784 623 862 662 per
890 609 1034 661 ipsum
1063 622 1110 648 se
1141 608 1185 648 in
1217 613 1392 648 tantum
1424 607 1660 648 discrimen
1693 621 1784 647 rem

513 693 607 719 esse
629 679 889 719 adductam!
945 678 1119 718 Deinde
1141 677 1215 717 ubi
1239 678 1382 719 Creon
1407 676 1595 730 Delphis
1618 690 1784 730 regres-

513 762 598 797 sus,
623 754 666 788 et
695 761 859 788 corona
886 747 1087 795 frontem,
1113 747 1237 799 quasi
1270 759 1481 799 responso
1507 745 1679 799 optimo
1705 746 1784 785 im-

513 823 699 871 petrato,
717 817 957 866 redimitus,
976 815 1153 856 oracula
1170 815 1289 868 ipsa2
1307 815 1532 868 Oedipodi
1550 815 1785 864 renuntiat,

513 887 611 939 quis
632 887 815 926 tandem
838 891 1139 939 spectatorum
1166 886 1340 938 ignorat
1368 884 1473 937 quid
1505 883 1580 924 illa
1609 884 1787 924 oracula

513 970 558 996 re
586 969 688 996 vera
716 955 886 996 velint?
950 954 1037 1008 Qui
1067 954 1260 1006 denique
1288 954 1386 994 Laii
1419 953 1622 994 sicarium
1653 952 1785 994 vehe-

514 1031 685 1066 menter
732 1030 1001 1073 exsecratur,
1046 1024 1163 1064 idem
1208 1029 1359 1064 tamen
1405 1023 1606 1076 Oedipus
1649 1036 1783 1076 quam

513 1094 694 1134 minime
730 1094 890 1134 conicit
928 1107 974 1134 se
1015 1094 1159 1146 ipsum
1198 1107 1292 1133 esse
1333 1091 1595 1133 sicarium!3
1665 1091 1783 1145 Quid

514 1164 661 1216 plura?
709 1163 871 1203 Totam
895 1176 974 1216 per
993 1162 1270 1216 tragoediam
1293 1162 1590 1215 spectantium
1614 1162 1786 1202 animos

512 1233 849 1286 exspectatione
878 1232 1086 1284 ambigua
1118 1238 1287 1272 erectos
1321 1245 1459 1284 usque
1488 1231 1544 1272 ab
1573 1230 1699 1271 initio
1727 1231 1783 1271 ad

514 1302 646 1342 finem
667 1301 909 1355 Sophocles
931 1301 992 1341 sic
1014 1301 1167 1341 tenuit.
1232 1301 1283 1340 In
1304 1300 1483 1341 Electra
1504 1300 1638 1341 etiam
1661 1306 1786 1353 patet

513 1372 623 1412 haec
665 1372 831 1424 tragica
872 1371 1012 1411 ironia
1048 1377 1091 1410 et
1128 1370 1171 1410 in
1208 1376 1418 1424 promptu
1461 1375 1528 1410 est
1566 1370 1785 1410 omnibus.

515 1441 870 1494 Clytaemnestra
901 1440 1031 1487 enim,
1052 1440 1158 1479 dum
1189 1446 1331 1480 morte
1360 1439 1530 1481 Orestis
1558 1445 1786 1492 comperta

513 1509 786 1558 delectatur}
819 1523 952 1562 quam
996 1510 1176 1549 minime
1217 1509 1386 1549 divinat
1428 1508 1784 1561 Agamemnonis

513 1580 700 1620 ultorem
729 1579 932 1620 Orestem
960 1579 1103 1632 ipsum
1134 1578 1402 1631 iamiamque
1429 1578 1576 1618 vivum
1603 1577 1782 1618 adesse!

513 1649 758 1702 Aegisthus
809 1649 958 1696 etiam,
1008 1661 1155 1688 coram
1212 1649 1307 1701 ipso
1359 1647 1518 1689 Oreste
1569 1653 1782 1700 tanquam

512 1725 700 1767 mortuo,
741 1718 1130 1758 intolerantissime
1173 1731 1218 1757 se
1265 1717 1400 1757 iactat
1451 1723 1495 1757 et
1543 1716 1786 1770 gloriatur.5

513 1788 693 1842 Quanta
725 1801 868 1828 rerum
901 1787 1063 1827 ironia!
1123 1786 1292 1826 Adstat
1320 1786 1437 1826 enim
1466 1786 1647 1827 Orestes
1679 1786 1782 1839 ipse,

511 1871 592 1898 nec
629 1857 769 1898 multo
806 1861 906 1910 post
948 1856 984 1896 is
1021 1856 1095 1909 qui
1133 1861 1305 1896 tantam
1345 1855 1628 1896 insolentiam
1666 1869 1784 1896 arro-

510 1927 708 1980 gantiam
770 1926 1093 1967 contumaciam
1156 1924 1290 1965 modo
1351 1925 1633 1978 praetulerat,
1693 1939 1779 1965 non

509 2002 657 2050 potest
704 1995 825 2049 quin,
866 1995 1014 2035 animo
1057 1994 1239 2035 tandem
1287 1994 1492 2043 demisso,
1532 1994 1782 2036 necessitati

510 2070 664 2120 pareat
695 2070 935 2105 extremae.

568 2134 785 2175 Talemne
808 2133 994 2173 ironiam
1017 2132 1134 2186 apud
1159 2131 1478 2185 Shaksperium
1502 2131 1782 2172 invenimus?

510 2203 576 2245 At
605 2204 722 2244 enim
754 2202 926 2244 fabulas
955 2215 1065 2255 quas
1097 2200 1394 2254 Shaksperius
1420 2201 1637 2251 tractavit,
1660 2215 1783 2254 spec-

510 2280 706 2315 tatorum
750 2272 957 2326 perpauci
1002 2276 1134 2311 antea
1176 2270 1439 2319 audierant,6
1479 2271 1596 2311 unde
1640 2284 1782 2311 rerum

899 2350 911 2370 ¹
928 2351 1030 2393 Soph.
1055 2350 1126 2382 0εᾶ.
1153 2351 1230 2390 Tyr.
1254 2350 1293 2391 58
1312 2361 1383 2392 sqq.

898 2404 912 2424 ²
928 2406 1030 2447 Soph.
1055 2406 1126 2436 Oed.
1153 2406 1231 2445 Tyr.
1252 2404 1292 2444 87
1312 2415 1384 2446 sqq.

899 2463 912 2483 3
928 2460 1030 2501 Soph.
1054 2460 1126 2490 Oed.
1153 2460 1230 2499 Tyr.
1252 2468 1314 2499 224
1330 2470 1400 2501 sqq.

898 2514 911 2533 “¹
929 2515 1030 2556 Soph.
1052 2513 1108 2545 El.
1130 2520 1192 2554 773
1209 2524 1279 2555 sqq.

899 2569 911 2588 ⁵
929 2569 1030 2610 Soph.
1052 2569 1107 2599 El.
1133 2577 1213 2607 1442
1229 2579 1300 2609 sqq.

899 2622 1000 2654 ⁶Vid.
1020 2628 1131 2664 supra,
1153 2633 1206 2663 pp.
1229 2629 1281 2663 53,
1299 2622 1351 2662 63.
