1931 3328
161 1053 605 1113 SOPHOCLES
668 1053 830 1101 AND
897 1052 1370 1102 SHAKSPERE.

125 1275 147 1291 “
163 1274 348 1316 Sophocles
371 1274 440 1306 und
466 1274 706 1316 Shakespeare‚
733 1274 787 1306 ein
808 1274 1062 1316 Jeglicher'den
1086 1273 1328 1315 Bedingungen
1351 1273 1411 1305 des

211 1329 473 1362 Geistesbodens
491 1332 632 1371 gensaisz,
653 1330 730 1362 dem
755 1341 789 1362 er
813 1329 1038 1368 entwachsen‚
1057 1329 1168 1360 haben
1191 1339 1233 1360 an
1258 1328 1316 1360 der
1340 1328 1410 1359 sich

210 1384 448 1416 erdenkenden
473 1384 751 1426 Verselbstigung
774 1385 832 1417 des
856 1384 1177 1417 menschheitlichen
1204 1383 1264 1415 Ich
1291 1383 1409 1425 mitge-

209 1439 362 1478 arbeitet,
381 1440 449 1471 und
467 1440 522 1472 die
538 1440 662 1471 Werke
679 1439 794 1471 beider
813 1439 1033 1481 Mitschopfer
1050 1449 1152 1471 neuer
1169 1438 1410 1470 Geisteszeiten

210 1495 285 1527 sind
322 1495 499 1537 gewaltige
534 1495 652 1537 Zeiger
682 1506 725 1526 an
757 1495 814 1526 der
847 1494 1043 1527 Lebensuhr
1074 1494 1133 1525 der
1171 1493 1411 1534 europ'aischen

212 1550 746 1592 Mensehengesehlechter.”—S.
778 1552 1077 1588 LICHTENSTE1N‚
1102 1549 1316 1591 Shakespeare
1340 1548 1416 1580 und

212 1606 387 1647 Sophocles,
407 1617 439 1648 p.
462 1614 512 1646 32.

183 1738 473 1792 “Tragoedia
507 1738 691 1792 antiqua
721 1738 840 1792 apud
872 1735 1103 1779 Graecos''
1137 1737 1201 1778 ait
1235 1736 1410 1778 criticus
1428 1750 1631 1777 Introduction

125 1808 309 1862 quidam
346 1808 756 1861 Cantabrigiensis1
789 1812 1006 1849 “tantum
1045 1808 1185 1856 abest,
1223 1814 1272 1848 ut
1308 1820 1409 1848 cum

126 1883 277 1918 nostra
327 1878 581 1931 Tragoedia
637 1884 865 1932 congruat,
927 1883 977 1918 ut
1033 1877 1165 1918 nullis
1223 1890 1411 1930 poeseos

124 1947 373 2001 generibus,
411 1961 556 2002 neque
597 1948 791 2001 antiquis
833 1961 979 2002 neque
1021 1946 1284 1995 recentibus,
1321 1960 1410 1987 non

125 2017 409 2070 potissimum
441 2017 627 2058 differat.
692 2017 786 2066 Illa,
817 2016 1050 2070 principio,
1071 2029 1205 2070 quam
1238 2015 1411 2070 frigida,

126 2100 261 2140 quam
329 2100 494 2136 severa,
554 2100 689 2140 quam
756 2092 932 2127 tantum
995 2100 1085 2127 non
1142 2099 1322 2139 prorsus
1386 2099 1412 2126 a

126 2155 389 2197 mortalibus
446 2162 491 2197 et
547 2156 803 2197 mortalium
864 2157 980 2197 curis
1036 2156 1205 2198 aliena!
1284 2156 1413 2196 Haec

126 2232 278 2267 autem
315 2226 435 2279 apud
473 2239 555 2267 nos
592 2232 761 2280 quanto
797 2225 984 2276 mollior,
1018 2232 1187 2279 quanto
1224 2225 1411 2275 suavior,

126 2301 295 2349 quanto
327 2295 490 2336 nostris
521 2296 799 2350 temporibus
836 2296 1027 2350 propior,
1059 2301 1230 2350 quanta
1266 2307 1410 2335 rerum

125 2364 395 2416 diversitate,
437 2371 549 2418 quot
589 2365 714 2406 novis
757 2365 1107 2407 amoenitatibus
1147 2364 1410 2419 conspersa!

127 2433 266 2488 Apud
296 2435 560 2476 recentiores
590 2435 708 2475 enim
741 2434 970 2489 Tragicos,
1000 2435 1121 2489 apud
1153 2447 1255 2475 eum
1287 2448 1412 2488 prae-

127 2503 257 2558 cipue
308 2517 443 2558 quem
494 2504 787 2559 Tragicorum
841 2504 1086 2558 principem
1134 2516 1264 2544 suum
1317 2516 1413 2544 esse

172 2598 345 2642 ¹Scriptor
375 2600 574 2642 Anonymus
608 2601 676 2640 (W.
713 2601 965 2640 Lee-Warner)‚
1002 2601 1194 2642 Aeschylus,
1234 2600 1410 2642 Sophocles,

128 2655 317 2697 Euripides,
351 2666 460 2687 omnes
493 2656 581 2687 inter
610 2667 641 2687 se
668 2656 840 2688 dissimiles
862 2655 1008 2697 fuerunt
1019 2666 1034 2694 ,·
1071 2655 1126 2687 sed
1156 2656 1203 2687 ita
1232 2660 1344 2687 tamen
1375 2661 1414 2686 ut

128 2711 291 2742 neminem
314 2711 370 2742 sui
389 2711 468 2743 velis
488 2722 551 2743 esse
573 2711 764 2744 dissimilem
790 2710 946 2750 (Cantab.
970 2709 1077 2750 1868),
1104 2721 1162 2753 pp.
1190 2718 1221 2751 3,
1247 2720 1278 2750 4.

762 2774 786 2798 A
