2013 3328
558 326 609 360 44
845 313 1122 346 SOPHOCLES
1150 313 1252 344 AND
1280 312 1576 347 SHAKSPERE.
1724 313 1768 345 II.
1791 313 1839 353 (4)

562 435 658 462 esse
683 422 894 472 fabulam,
920 436 975 463 ne
1003 428 1286 476 spectatores,
1312 423 1668 477 interpellatione
1693 422 1839 463 subita

561 505 739 544 prorsus
781 492 971 541 attoniti,
1013 492 1189 533 fabulae
1229 492 1364 533 fidem
1415 493 1578 534 habere
1620 492 1836 533 desinant.

562 560 681 614 Quid
704 567 852 602 autem
876 567 1027 602 censet
1044 560 1343 602 Aristoteles?
1399 559 1461 604 ‘H
1483 559 1558 614 μὲν
1578 558 1834 617 (τραγῳδία)

561 627 631 673 ὅτι
659 628 859 682 μάλιστα
889 631 1090 686 πειρᾶται
1119 629 1201 674 ὑπὸ
1233 629 1332 683 μίαν
1359 629 1562 686 περίοδον
1589 631 1709 682 ἡλιοῦ
1738 628 1837 673 εἶναι

559 697 581 752 ἢ
618 697 769 755 μικρὸν
804 698 1100 756 ἐξαλλάττειν,
1138 701 1160 751 ἡ
1198 699 1241 743 δὲ
1282 699 1486 744 ἐποποιῖα
1527 699 1733 754 ἀόριστος
1773 697 1837 754 τῷ

559 767 711 825 χρόνῳ,
761 767 827 812 καὶ
878 768 1020 824 τούτῳ
1071 768 1267 825 διαφέρει.
1358 767 1497 814 καίτοι
1553 767 1608 813 τὸ
1660 769 1837 824 πρῶτον

561 837 713 889 ὁμοίως
753 837 795 882 ἐν
835 843 927 886 ταῖς
966 837 1224 894 τραγῳδίαις
1269 840 1406 882 τοῦτο
1456 837 1627 882 ἐποίουν
1676 836 1741 881 καὶ
1794 837 1836 880 ἐν

560 912 652 954 τοῖς
692 906 866 951 ἔντεσιν.1
926 908 1197 949 Aristoteles
1239 908 1371 961 igitur
1412 914 1562 961 aperte
1603 907 1838 948 confitetur

560 976 770 1027 fabulam,
814 991 928 1030 quae
969 977 1154 1019 fortasse
1195 977 1368 1018 duabus
1407 978 1477 1019 vel
1527 977 1667 1018 tribus
1717 977 1836 1017 horis

560 1047 795 1100 peragitur,
824 1054 1003 1101 tempus
1030 1048 1100 1089 vel
1129 1047 1424 1101 quadruplum
1456 1048 1630 1101 saepius
1661 1047 1835 1087 imitari.

560 1114 699 1167 Apud
724 1114 994 1168 Sophoclem
1023 1128 1126 1156 vero
1155 1115 1239 1155 hoc
1265 1115 1522 1168 planissime
1549 1114 1833 1155 manifestum

560 1191 636 1225 est.
701 1185 752 1225 In
776 1184 1023 1226 Trachiniis
1052 1185 1170 1225 enim
1200 1184 1378 1238 Hyllus,
1399 1184 1619 1225 Trachine
1646 1184 1832 1224 vixdum

560 1253 722 1302 relicta,
754 1254 797 1294 in
832 1254 1062 1295 Euboeam
1097 1260 1397 1308 transgressus
1430 1254 1534 1294 inde
1567 1253 1833 1294 Trachinem

560 1323 684 1372 redit,
717 1324 823 1364 dum
861 1337 1011 1364 versus
1048 1324 1287 1365 recitantur
1323 1324 1469 1364 minus
1505 1321 1834 1377 septingenti;2

563 1392 735 1442 Lichas,
759 1407 900 1446 porro,
924 1394 1143 1434 Trachine
1170 1407 1370 1446 egressus
1393 1406 1595 1433 versuum
1619 1392 1834 1445 quinqua-

559 1462 684 1515 ginta
717 1463 862 1515 spatio
897 1462 1127 1503 Euboeam
1161 1463 1248 1503 iam
1281 1462 1458 1515 attigit.3
1519 1462 1593 1504 Sic
1624 1461 1758 1502 etiam
1791 1461 1835 1500 in

561 1530 795 1584 Oedipode
818 1531 1017 1572 Coloneo
1039 1531 1238 1572 Theseus
1266 1532 1411 1585 spatio
1436 1531 1650 1584 temporis
1676 1530 1832 1571 eodem

560 1600 730 1652 puellas
758 1607 912 1654 captas
935 1607 1173 1649 assecutus,
1194 1614 1295 1641 cum
1324 1601 1579 1654 captoribus
1601 1607 1693 1641 tam
1723 1599 1834 1641 cele-

560 1671 663 1710 riter
694 1683 875 1711 manum
908 1671 1109 1721 conserit,
1132 1676 1179 1711 ut
1210 1671 1422 1712 victorem
1454 1671 1542 1711 iam
1575 1670 1833 1710 redeuntem

558 1740 818 1780 videamus.4
870 1740 940 1780 De
959 1739 1228 1793 Shaksperio
1250 1740 1506 1780 summatim
1525 1739 1684 1793 z——Qui
1707 1739 1835 1779 dimi-

559 1809 680 1850 diam
705 1809 844 1850 vitam
872 1809 1099 1850 Macbethi
1129 1810 1260 1850 trium
1293 1809 1500 1850 horarum
1530 1810 1675 1862 spatio
1705 1808 1834 1849 nobis

559 1885 664 1919 ante
719 1879 870 1919 oculos
926 1879 1145 1932 exposuit,
1197 1893 1284 1932 qua
1341 1879 1523 1919 tandem
1578 1879 1748 1919 ratione
1801 1878 1836 1918 is

559 1954 738 2001 tempus
774 1948 1034 1988 continuum
1078 1954 1253 2001 poterat
1299 1948 1521 1988 imitari?5
1593 1948 1689 1988 Iam
1731 1961 1835 1988 vero

560 2018 602 2058 in
650 2017 881 2058 hominum
923 2018 1016 2058 vita
1066 2031 1243 2070 perraro
1293 2017 1465 2065 accidit,
1505 2023 1554 2058 ut
1604 2017 1836 2058 calamitas

602 2159 612 2178 1
631 2160 767 2192 Aristot.
788 2161 877 2191 poet.
895 2171 940 2198 v.,
959 2160 1023 2199 §4
1044 2171 1074 2201 p.
1100 2168 1181 2199 1449
1198 2168 1229 2191 Β.

602 2214 615 2233 2
632 2215 734 2256 Soph.
762 2215 880 2245 Trach.
897 2221 1028 2254 93-734.

601 2268 614 2288 3
630 2270 707 2300 Vid.
725 2270 824 2310 Jebb,
843 2270 1027 2310 Sophocles:
1057 2269 1189 2306 Tmch„
1209 2280 1264 2310 pp.
1286 2268 1370 2307 xlii„
1390 2269 1471 2300 xliii.

601 2323 614 2343 ⁴
632 2324 733 2366 Soph.
758 2324 829 2355 Oed.
855 2325 920 2355 Col.
946 2332 1138 2364 1043-1099.

601 2379 614 2398 5
632 2380 671 2410 In
698 2379 845 2410 Henrico
862 2379 988 2419 Quinto
1006 2380 1107 2417 (Prol.
1129 2378 1241 2419 28-31)
1259 2378 1429 2420 aptissime
1445 2378 1685 2420 spectatoribus
1702 2378 1747 2410 ait
1764 2378 1835 2420 ipse

560 2434 779 2476 Shaksperius
793 2446 800 2465 ε

700 2490 722 2505 “
736 2490 802 2519 For
818 2488 870 2520 'tis
886 2499 967 2529 your
983 2488 1141 2529 thoughts
1158 2489 1227 2519 that
1241 2498 1315 2519 now
1332 2492 1419 2519 must
1436 2487 1520 2519 deck
1537 2497 1597 2518 our
1612 2487 1720 2529 kings‚

731 2543 833 2584 Carry
849 2544 939 2574 them
956 2543 1033 2574 here
1049 2543 1114 2574 and
1132 2543 1246 2580 there3
1267 2542 1421 2584 jumping
1438 2542 1504 2574 o’er
1521 2542 1628 2580 times,

731 2598 881 2639 Turning
898 2598 952 2629 the
969 2597 1264 2638 accomplishment
1282 2597 1319 2628 of
1332 2608 1431 2638 many
1447 2608 1539 2638 years

731 2654 807 2685 Into
824 2664 865 2685 an
878 2654 1074 2693 bour-glass.
1084 2652 1101 2665 '⁵
