2013 3328
297 697 322 721 κ’.
404 706 427 721 r.

283 731 319 755 M
320 730 377 756 acb.

289 1808 354 1840 Jul.
371 1808 395 1834 C
395 1816 450 1834 aes.

501 310 551 347 94
769 294 1049 328 SOPHOCLES
1081 294 1183 325 AND
1215 293 1508 326 SHAKSPERE.
1621 293 1687 324 III.
1706 293 1773 333 (13)

500 405 641 458 copia,
693 418 836 445 rerum
888 404 1079 456 denique
1130 402 1433 456 implicatione
1484 402 1773 455 distinguitur

503 474 858 528 Shaksperiana;
890 473 1008 513 unde
1040 472 1286 525 simplicem
1319 471 1452 521 illam,
1485 471 1599 512 hanc
1626 471 1774 511 multi-

501 544 661 598 plicem
695 557 783 584 non
820 542 978 583 iniuria
1015 541 1374 594 nuncupavimus.
1439 540 1554 582 Sunt
1591 541 1770 594 quidem

501 613 576 666 qui
615 611 935 665 Shaksperium
979 610 1146 651 scilicet
1187 610 1348 650 idcirco
1384 610 1771 663 reprehenderunt,

501 682 620 735 quod
664 681 932 723 Glosterium
975 680 1018 720 in
1063 680 1187 732 Rege
1239 680 1394 727 Learo,
1435 679 1477 719 in
1531 679 1774 719 Macbetho

503 752 795 805 Banquonem
838 748 1040 790 induxit!
1104 749 1174 789 De
1215 747 1379 789 talibus
1419 754 1570 788 autem
1614 747 1774 788 criticis

501 821 607 874 quid
638 820 790 869 multa,
817 820 980 873 quippe
1009 818 1096 871 qui,
1123 817 1290 858 nullam
1319 817 1401 857 nisi
1430 818 1639 870 antiquae
1665 816 1774 857 Tra-

501 891 687 943 goediae
721 889 909 929 formam
945 887 1163 936 admirati,
1191 886 1374 927 omnino
1406 886 1537 926 simul
1571 886 1776 939 ignorent

502 959 608 1012 quid
645 958 751 1000 velit
788 958 885 1010 ipsa
921 956 1152 997 ‘Actionis
1190 954 1405 997 Unitas'?
1468 955 1587 996 Satis
1623 968 1774 1007 super-

502 1043 588 1082 que
616 1029 703 1069 iam
730 1026 1132 1068 demonstravimus
1158 1031 1325 1078 quanta
1353 1030 1458 1074 arte,
1481 1029 1648 1077 quanta
1674 1024 1776 1064 sub-

501 1099 674 1147 tilitate,
697 1098 942 1150 Banquone
971 1095 1282 1147 Glosterioque
1311 1094 1514 1142 inductis,
1545 1093 1776 1133 ‘Actionis

504 1165 763 1210 Unitatem'
812 1165 1098 1206 nihilominus
1152 1164 1397 1204 observarit
1451 1160 1777 1216 Shaksperius.1

503 1237 606 1291 Quo
638 1249 781 1276 errore
813 1235 1063 1275 criticorum
1096 1233 1285 1282 sublato,
1316 1232 1372 1272 de
1408 1232 1568 1272 sabulis
1602 1231 1776 1284 Sopho-

501 1307 605 1347 cleis
635 1311 678 1346 et
712 1304 1052 1357 Shaksperianis
1084 1303 1243 1343 rectius
1276 1302 1467 1342 iudicare
1498 1314 1743 1354 possumus.

563 1374 772 1429 Sophocli
809 1374 942 1427 igitur
977 1373 1086 1414 vitio
1130 1377 1357 1413 verterunt
1403 1370 1602 1411 nonnulli
1644 1370 1776 1423 quod,

504 1445 644 1486 Aiace
681 1444 812 1497 longe
847 1449 950 1484 ante
985 1442 1119 1482 finem
1156 1441 1411 1494 tragoediae
1447 1441 1535 1481 iam
1573 1437 1779 1489 mortuo‚2

503 1514 761 1568 tragoediae
789 1513 1098 1566 gradationem
1132 1512 1197 1563 (ut
1234 1511 1296 1551 ita
1330 1510 1492 1561 dicam)
1525 1506 1777 1559 inverterit;

505 1597 585 1624 nec
617 1584 777 1623 desunt
809 1582 883 1634 qui
915 1581 1025 1621 duas
1058 1594 1115 1620 ex
1148 1594 1236 1620 una
1265 1579 1439 1620 fabulas
1468 1579 1693 1619 exstitisse
1718 1578 1776 1618 ob

506 1666 684 1694 causam
727 1652 915 1692 eandem
957 1656 1234 1691 censuerunt.
1296 1650 1573 1702 Magnopere
1614 1654 1775 1696 autem,

506 1729 655 1763 nostra
672 1721 830 1762 saltem
848 1720 1078 1768 sententia,
1094 1719 1230 1760 critici
1246 1718 1306 1759 illi
1321 1724 1585 1759 erraverunt.
1634 1717 1778 1758 Shak—

505 1792 647 1845 sperii,
676 1804 852 1844 quaeso,
880 1789 1041 1830 Iulium
1073 1788 1308 1830 Caesarem
1339 1787 1629 1836 conferamus,
1655 1787 1778 1827 cuius

505 1867 631 1915 parte
659 1859 844 1900 dimidia
867 1858 1065 1898 nondum
1088 1863 1269 1911 peracta
1298 1857 1467 1897 occisus
1494 1862 1560 1896 est
1587 1855 1780 1897 Caesar.3

507 1931 657 1972 Unam
704 1928 991 1969 nihilominus
1031 1940 1127 1967 esse
1177 1932 1319 1967 totam
1361 1925 1637 1979 tragoediam
1680 1925 1778 1978 quis

505 2005 572 2041 est
597 1999 670 2052 qui
701 2011 788 2038 non
814 1995 1107 2038 confiteatur?
1164 1994 1325 2036 Caesar
1350 2009 1455 2035 sane
1484 1995 1777 2047 interemptus

505 2075 583 2118 est,
602 2067 804 2110 Caesaris
825 2072 976 2107 tamen
999 2065 1160 2106 mortui
1181 2064 1251 2105 vel
1274 2064 1604 2118 praepotentior
1628 2064 1775 2104 anima

507 2136 796 2186 immortalis,4
840 2136 1003 2188 ubique
1054 2147 1272 2188 praesens,
1318 2134 1485 2174 sicariis
1537 2147 1675 2186 usque
1720 2134 1776 2173 ad

639 2298 647 2317 ¹
664 2299 740 2330 Vid.
762 2303 875 2339 supra,
895 2308 949 2339 pp.
970 2305 1011 2336 42
1028 2307 1092 2337 sq.‚
1112 2296 1165 2335 64,
1183 2295 1225 2336 65
1242 2306 1289 2337 sq.

637 2353 649 2371 '3
667 2354 768 2394 Soph.
789 2353 846 2384 Αἱ.
866 2352 941 2393 865,
959 2352 990 2383 6.

636 2407 649 2426 ³
666 2407 993 2449 Shakspere,sulius
1012 2406 1142 2442 Caesar,
1163 2405 1227 2435 III.
1250 2404 1268 2435 i.
1292 2410 1341 2443 77.

636 2462 648 2481 ⁴
667 2461 992 2503 Shakspere,sul2'us
1011 2461 1141 2497 Caesar,
1161 2460 1226 2490 III.
1248 2459 1267 2490 i.
1289 2465 1453 2499 270-275:

776 2518 798 2532 “
811 2516 888 2546 And
905 2514 1053 2547 Caesar’s
1068 2514 1172 2556 spirit,
1190 2513 1328 2555 ranging
1343 2513 1392 2543 for
1408 2522 1558 2553 revenge,

812 2570 904 2600 With
922 2570 986 2600 Ate
1002 2569 1045 2610 by
1060 2568 1111 2600 his
1128 2568 1196 2599 side
1214 2579 1306 2599 come
1322 2568 1380 2598 hot
1397 2567 1479 2598 from
1495 2567 1574 2604 hell,

815 2625 906 2656 Shall
923 2624 955 2654 in
973 2624 1063 2654 these
1079 2622 1224 2654 confines
1241 2622 1319 2653 with
1336 2633 1354 2653 a
1371 2620 1554 2652 monarch's
1570 2620 1661 2652 voice
